2772 4684
498 407 701 422 ———
1061 367 1107 437 ³1

5 582 11 620 t
86 581 225 650 cumque
250 567 334 622 teste
359 551 518 619 Strabone
541 548 655 616 Lesbii
675 553 736 618 snb
754 554 875 640 Pylaeo
897 557 937 622 ad
960 556 1053 624 liium
1073 582 1110 626 se

7 682 10 718 r
84 661 248 729 militasse
271 651 517 739 perhibuerint‚‘
532 649 633 713 Lesbi
661 673 786 740 quoque
818 655 945 719 colonia
964 653 1110 744 Pelasgi-

5 779 16 816 ι.
90 779 170 832 ομ,
190 751 360 816 Tbessaiia
387 749 467 814 mibi
488 749 645 832 originem
667 754 806 814 traxisse
826 753 960 816 ridetur.
1004 753 1113 819 Sensit

5 877 10 916 ι
89 857 156 920 hoc
182 853 275 914 etiarn
301 846 640 924 Raoul-Roobettius‚
667 849 720 933 qui
744 848 907 932 Pylaeum‚
926 873 998 916 oum
1019 875 1112 917 mon-

5 979 8 1014 ι
94 967 161 1016 tem
181 945 279 1013 Lesbi
300 947 431 1010 nomine
449 945 535 1008 iliius
558 942 749 1030 appeliatum
771 968 844 1010 esse
866 951 999 1013 tes‘tetur
1021 949 1110 1015 Stra·

5 1076 8 1112 r
96 1035 206 1134 hosti)
225 1042 354 1107 insulae
377 1044 544 1128 imperium
566 1043 707 1126 gessisse
728 1045 838 1122 credit,
856 1046 941 1134 qued
964 1050 1111 1134 equidem

5 1175 7 1184 ’
50 1142 55 1153 “
89 1151 124 1212 in
145 1144 253 1210 medio
274 1139 430 1226 relinquo.

28 1233 33 1242 ¹
101 1237 102 1242 ¹
173 1239 246 1306 lata
268 1238 308 1300 ad
327 1235 453 1301 fabulas
471 1235 512 1300 de
530 1233 684 1300 Macareo
703 1240 883 1302 accuratius
905 1245 1111 1309 consideran·
1237 1293 1240 1298 .

93 1343 152 1405 das
179 1336 376 1403 accedamus,
425 1329 631 1421 Quantopere
658 1335 743 1398 inter
770 1356 806 1398 se
831 1335 1020 1405 dissentiant
1040 1364 1110 1426 my·

89 1433 275 1522 tbograpbi,
306 1455 350 1498 ex
377 1433 419 1495 iis
444 1452 525 1518 quse
553 1453 649 1517 supra
669 1432 830 1496 attulimus
850 1448 948 1522 patet.
989 1433 1110 1506 Narra·

96 1539 199 1601 tiones
213 1547 321 1596 tamen
333 1527 406 1592 illas
418 1530 562 1592 adunam
571 1527 683 1593 ornnes
696 1529 789 1594 fictas
798 1553 842 1595 ex
855 1556 920 1596 una
935 1536 1109 1624 eademque

91 1657 128 1700 re
152 1621 312 1716 originem
334 1630 483 1704 traxisse,
497 1641 563 1690 tum
578 1632 793 1718 utnusquisque
811 1630 919 1694 tedium
931 1632 1109 1702 iabrdarum

92 1725 387 1820 peritnsintelligit,
402 1738 468 1788 tum
481 1745 524 1788 ex
537 1724 753 1811 sequentibus,
762 1741 797 1790 ut
812 1749 916 1813 spero,
934 1732 1108 1816 apparebit

180 1825 273 1890 Sunt*
300 1827 353 1910 qui
387 1822 494 1908 plures
526 1820 674 1885 Macares
707 1824 855 1910 deinceps
886 1849 957 1892 cum
987 1830 1110 1896 colonis
1146 1853 1153 1894 .·

94 1923 241 1992 Lesbum
257 1923 414 2008 profectos
435 1943 507 1984 esse
527 1919 643 1982 dicant.
679 1919 798 1986 Eorum
817 1945 900 2026 unus
920 1940 969 1990 est
989 1927 1111 1994 Raoui-

94 2023 297 2098 Re'cbettius5
323 2023 377 2107 qni
403 2020 540 2104 primurn
566 2019 600 2080 in
625 2018 762 2082 insulam
790 2026 974 2106 pervenisse
1000 2031 1112 2092 statuit

94 2121 229 2188 Macera
257 2115 375 2182 Griasii
402 2115 514 2191 filiurn,
535 2137 554 2178 a
575 2114 734 2198 Dionysio
755 2117 1002 2188 Halicarnasseo
1024 2147 1110 2190 com-

97 2229 316 2282 memoratum·
345 2211 437 2280 lidum
457 2215 491 2277 in
509 2211 619 2277 Lesbo
639 2212 796 2276 coloniam
821 2222 1021 2283 constituisse
1044 2245 1109 2289 non

102 2312 225 2380 dubitat
243 2314 292 2375 vir
317 2312 425 2376 doctus
452 2313 546 2399 idque
578 2309 761 2374 confirmari
789 2311 865 2375 dicit
888 2327 954 2380 tum
981 2316 1109 2400 Myrsiii

49 2468 54 2479 .
96 2413 289 2487 nuntiare,
309 2433 402 2498 quam
428 2431 447 2472 e
469 2408 634 2472 Clemente
652 2407 874 2474 Alexandrino
895 2433 990 2500 supra
1008 2415 1109 2493 attuli,

10 2553 12 2557 -
95 2523 163 2574 tum
177 2505 279 2572 Lesbi
299 2507 442 2584 urbibus,
468 2527 511 2570 ex
533 2505 681 2584 Macarei,
699 2505 837 2586 filiabus
860 2523 1007 2574 narrante
1028 2511 1109 2578 Dio·

97 2609 188 2683 doro,
209 2605 452 2689 nominatisii)
496 2603 608 2690 Neque
631 2607 667 2668 in
695 2605 754 2668 bac
773 2629 808 2669 re
830 2605 925 2671 fidem
948 2610 1111 2697 denegan-

97 2706 170 2770 dam
188 2717 261 2767 esse
280 2702 427 2789 perbibet
454 2701 625 2785 Dionysio,
648 2725 741 2788 quem
760 2708 986 2789 migrationem
1004 2714 1110 2794 gentis

24 2815 27 2819 “
95 2802 283 2886 Pelasgieae
312 2803 537 2886 gnarissimum
569 2799 668 2863 iusisse
696 2801 811 2884 ait.²⁵)
865 2801 951 2878 Quin
986 2807 1109 2892 tempus

101 2899 245 2963 coioniae
261 2898 349 2962 illius
369 2901 605 2962 accuratissime
620 2900 782 2960 constituit
795 2898 1110 2981 Raoul-Rocbettius‚

44 3081 49 3086 ἱ
96 2996 239 3088 reserens
270 2998 342 3059 eam
367 3011 540 3082 praeeunte
563 2994 726 3060 Larcbero
756 2996 797 3058 ad
827 3017 949 3060 annum
981 2999 1112 3063 millesi-

93 3115 184 3159 mum
213 3096 510 3178 octingentesimum
538 3096 723 3157 vicesimum
746 3105 873 3156 sextum
896 3108 969 3157 ante
998 3096 1057 3158 Cb.
1078 3119 1110 3161 n.

92 3185 157 3260 ΑΒ
174 3189 237 3256 hoe
264 3189 397 3256 Macare
419 3194 585 3276 distinguit
617 3188 803 3255 Macareum
838 3189 967 3254 Crinaei
999 3191 1110 3274 filium,

93 3297 193 3377 quem
219 3311 264 3354 ex
290 3289 425 3366 Achaia,
453 3289 545 3352 Ionia
571 3311 612 3352 eo
630 3302 771 3371 tempure
799 3288 966 3374 appellata,
992 3292 1026 3356 in
1045 3291 1110 3355 Le·

91 3387 191 3452 sbum
209 3379 344 3452 eblonos
367 3389 499 3450 duxisse
519 3401 627 3450 narrat
647 3385 810 3450 Diodorus
831 3386 967 3450 Siculus.
1011 3386 1111 3454 Mim-

92 3499 149 3548 tm·
165 3473 284 3549 'tamen
311 3483 414 3548 Raoul
429 3483 642 3550 -liochettius
673 3484 747 3570 quid
778 3487 829 3563 sit,
856 3484 940 3571 quod
966 3485 1111 3551 coloniae

91 3579 183 3647 illins
206 3581 266 3648 srib
294 3582 371 3646 belli
399 3580 534 3646 Troiani
557 3597 701 3666 tempora
728 3584 762 3644 in
788 3580 898 3647 Lesbo
922 3587 1111 3648 constitutae

168 3807 213 3872 ²²)
229 3807 293 3862 Lib.
313 3806 387 3869 xnt,
404 3824 430 3876 p.
449 3807 513 3861 621.
533 3807 562 3860 C.
581 3806 647 3858 edit.
675 3806 736 3859 Cas.
755 3822 781 3875 p.
799 3801 866 3859 445.
887 3804 952 3860 edit.
973 3803 1075 3859 Tzscb.

61 3927 64 3932 v
170 3903 213 3964 ²³)
232 3900 474 3956 Raoul-Rechett.
501 3901 543 3956 1.1.
559 3915 586 3970 p.
602 3899 667 3954 294.
929 3911 947 3922 “·

168 3991 217 4060 ⁸⁴)
236 3993 281 4048 tl.
298 4007 326 4062 p.
346 3990 411 4047 183.

171 4083 279 4150 ⁸¹)1.1.
303 4101 330 4155 p.
350 4086 414 4142 tta.
