<?xml version="1.0" encoding="UTF-8"?>
<!DOCTYPE html PUBLIC "-//W3C//DTD XHTML 1.0 Transitional//EN"
    "http://www.w3.org/TR/xhtml1/DTD/xhtml1-transitional.dtd">
<html xmlns="http://www.w3.org/1999/xhtml" xml:lang="en" lang="en">
 <head>
  <title>
</title>
<meta http-equiv="Content-Type" content="text/html;charset=utf-8" />
  <meta name='ocr-system' content='tesseract 3.04.00' />
  <meta name='ocr-capabilities' content='ocr_page ocr_carea ocr_par ocr_line ocrx_word'/>
</head>
<body>
  <div class='ocr_page' id='page_1' title='image "./lesbiacorumlibe01plehgoog_0189.png"; bbox 0 0 2746 4670; ppageno 0'>
   <div class='ocr_carea' id='block_1_1' title="bbox 521 275 1233 366">
    <p class='ocr_par' dir='ltr' id='par_1_1' title="bbox 521 275 1233 366">
     <span class='ocr_line' id='line_1_1' title="bbox 521 275 1233 366; baseline 0.062 -37"><span class='ocrx_word' id='word_1_1' title='bbox 521 292 865 342; x_wconf 81' lang='lat'>----..</span> <span class='ocrx_word' id='word_1_2' title='bbox 1066 275 1233 366; x_wconf 63' lang='lat' dir='ltr'>sm*</span> 
     </span>
    </p>
   </div>
   <div class='ocr_carea' id='block_1_2' title="bbox 113 399 1137 1238">
    <p class='ocr_par' dir='ltr' id='par_1_2' title="bbox 113 399 1137 1238">
     <span class='ocr_line' id='line_1_2' title="bbox 119 399 864 544; baseline 0.05 -55"><span class='ocrx_word' id='word_1_3' title='bbox 119 399 197 492; x_wconf 76' lang='lat' dir='ltr'>nem</span> <span class='ocrx_word' id='word_1_4' title='bbox 215 434 425 515; x_wconf 73' lang='lat' dir='ltr'>meretricem,</span> <span class='ocrx_word' id='word_1_5' title='bbox 451 459 516 504; x_wconf 89' lang='lat' dir='ltr'>nou</span> <span class='ocrx_word' id='word_1_6' title='bbox 542 449 709 528; x_wconf 83' lang='lat' dir='ltr'>poetriam,</span> <span class='ocrx_word' id='word_1_7' title='bbox 734 472 864 544; x_wconf 88' lang='lat' dir='ltr'>prepter</span> 
     </span>
     <span class='ocr_line' id='line_1_3' title="bbox 117 528 1137 649; baseline 0.069 -68"><span class='ocrx_word' id='word_1_8' title='bbox 117 547 190 590; x_wconf 81' lang='lat' dir='ltr'>rem</span> <span class='ocrx_word' id='word_1_9' title='bbox 203 547 228 588; x_wconf 85' lang='lat' dir='ltr'>e</span> <span class='ocrx_word' id='word_1_10' title='bbox 254 528 400 597; x_wconf 67' lang='lat' dir='ltr'>Iaeheata</span> <span class='ocrx_word' id='word_1_11' title='bbox 426 545 644 620; x_wconf 86' lang='lat' dir='ltr'>promontorio</span> <span class='ocrx_word' id='word_1_12' title='bbox 662 549 698 612; x_wconf 90' lang='lat' dir='ltr'>in</span> <span class='ocrx_word' id='word_1_13' title='bbox 718 568 809 620; x_wconf 81' lang='lat' dir='ltr'>mare</span> <span class='ocrx_word' id='word_1_14' title='bbox 828 579 865 624; x_wconf 83' lang='lat' dir='ltr'>se</span> <span class='ocrx_word' id='word_1_15' title='bbox 885 567 1039 642; x_wconf 77' lang='lat' dir='ltr'>deiecisse</span> <span class='ocrx_word' id='word_1_16' title='bbox 1062 573 1137 649; x_wconf 56' lang='lat' dir='ltr'>ores</span> 
     </span>
     <span class='ocr_line' id='line_1_4' title="bbox 116 623 1130 763; baseline 0.063 -78"><span class='ocrx_word' id='word_1_17' title='bbox 116 623 201 686; x_wconf 91' lang='lat' dir='ltr'>dunt</span> <span class='ocrx_word' id='word_1_18' title='bbox 224 626 324 690; x_wconf 80' lang='lat' dir='ltr'>etiarn</span> <span class='ocrx_word' id='word_1_19' title='bbox 337 629 398 703; x_wconf 74' lang='lat' dir='ltr'>‚Fu</span> <span class='ocrx_word' id='word_1_20' title='bbox 426 631 636 724; x_wconf 82' lang='lat' dir='ltr'>Schlegelius‚</span> <span class='ocrx_word' id='word_1_21' title='bbox 665 645 742 713; x_wconf 81' lang='lat' dir='ltr'>Ant.</span> <span class='ocrx_word' id='word_1_22' title='bbox 767 650 934 744; x_wconf 77' lang='lat' dir='ltr'>Moabius,</span> <span class='ocrx_word' id='word_1_23' title='bbox 965 677 1019 763; x_wconf 75' lang='lat' dir='ltr'>qui</span> <span class='ocrx_word' id='word_1_24' title='bbox 1056 695 1130 749; x_wconf 78' lang='lat' dir='ltr'>ante</span> 
     </span>
     <span class='ocr_line' id='line_1_5' title="bbox 115 716 1132 852; baseline 0.067 -79"><span class='ocrx_word' id='word_1_25' title='bbox 115 716 242 812; x_wconf 75' lang='lat' dir='ltr'>aliquot</span> <span class='ocrx_word' id='word_1_26' title='bbox 262 743 365 789; x_wconf 87' lang='lat' dir='ltr'>annos</span> <span class='ocrx_word' id='word_1_27' title='bbox 375 725 524 813; x_wconf 82' lang='lat' dir='ltr'>Sapphus</span> <span class='ocrx_word' id='word_1_28' title='bbox 543 745 685 808; x_wconf 84' lang='lat' dir='ltr'>carmina</span> <span class='ocrx_word' id='word_1_29' title='bbox 704 740 738 822; x_wconf 82' lang='lat' dir='ltr'>in</span> <span class='ocrx_word' id='word_1_30' title='bbox 754 761 957 834; x_wconf 75' lang='lat' dir='ltr'>vernaculam</span> <span class='ocrx_word' id='word_1_31' title='bbox 977 765 1132 852; x_wconf 64' lang='lat' dir='ltr'>translato</span> 
     </span>
     <span class='ocr_line' id='line_1_6' title="bbox 113 814 1128 942; baseline 0.066 -66"><span class='ocrx_word' id='word_1_32' title='bbox 113 817 152 878; x_wconf 90' lang='lat' dir='ltr'>in</span> <span class='ocrx_word' id='word_1_33' title='bbox 169 814 274 904; x_wconf 81' lang='lat' dir='ltr'>lucem</span> <span class='ocrx_word' id='word_1_34' title='bbox 285 821 395 900; x_wconf 80' lang='lat' dir='ltr'>edidit,</span> <span class='ocrx_word' id='word_1_35' title='bbox 413 847 474 894; x_wconf 87' lang='lat' dir='ltr'>nee</span> <span class='ocrx_word' id='word_1_36' title='bbox 491 852 556 897; x_wconf 91' lang='lat' dir='ltr'>non</span> <span class='ocrx_word' id='word_1_37' title='bbox 572 833 689 906; x_wconf 87' lang='lat' dir='ltr'>Christ.</span> <span class='ocrx_word' id='word_1_38' title='bbox 704 843 1022 941; x_wconf 86' lang='lat' dir='ltr'>FriedMohnikius.</span> <span class='ocrx_word' id='word_1_39' title='bbox 1041 871 1128 942; x_wconf 55' lang='lat' dir='ltr'>Muta</span> 
     </span>
     <span class='ocr_line' id='line_1_7' title="bbox 115 913 1128 1040; baseline 0.076 -75"><span class='ocrx_word' id='word_1_40' title='bbox 115 913 160 975; x_wconf 76' lang='lat' dir='ltr'>tis</span> <span class='ocrx_word' id='word_1_41' title='bbox 175 921 376 1000; x_wconf 58' lang='lat' dir='ltr'>⁴argumentur</span> <span class='ocrx_word' id='word_1_42' title='bbox 392 919 475 989; x_wconf 88' lang='lat' dir='ltr'>hane</span> <span class='ocrx_word' id='word_1_43' title='bbox 492 937 683 1001; x_wconf 82' lang='lat' dir='ltr'>sententiam</span> <span class='ocrx_word' id='word_1_44' title='bbox 703 943 892 1019; x_wconf 85' lang='lat' dir='ltr'>confirmare</span> <span class='ocrx_word' id='word_1_45' title='bbox 911 964 1032 1033; x_wconf 87' lang='lat' dir='ltr'>studuit</span> <span class='ocrx_word' id='word_1_46' title='bbox 1042 955 1128 1040; x_wconf 61' lang='lat' dir='ltr'>&#39;va-¹</span> 
     </span>
     <span class='ocr_line' id='line_1_8' title="bbox 115 1009 1129 1142; baseline 0.069 -72"><span class='ocrx_word' id='word_1_47' title='bbox 115 1009 304 1096; x_wconf 80' lang='lat' dir='ltr'>contus,⁸¹)</span> <span class='ocrx_word' id='word_1_48' title='bbox 329 1019 380 1080; x_wconf 90' lang='lat' dir='ltr'>oui</span> <span class='ocrx_word' id='word_1_49' title='bbox 396 1022 470 1084; x_wconf 86' lang='lat' dir='ltr'>sina</span> <span class='ocrx_word' id='word_1_50' title='bbox 489 1024 554 1092; x_wconf 91' lang='lat' dir='ltr'>ulla</span> <span class='ocrx_word' id='word_1_51' title='bbox 571 1031 767 1104; x_wconf 76' lang='lat' dir='ltr'>dubitatione</span> <span class='ocrx_word' id='word_1_52' title='bbox 787 1047 995 1138; x_wconf 77' lang='lat' dir='ltr'>adstipudatur&#39;·</span> <span class='ocrx_word' id='word_1_53' title='bbox 1015 1087 1129 1142; x_wconf 86' lang='lat' dir='ltr'>censer</span> 
     </span>
     <span class='ocr_line' id='line_1_9' title="bbox 113 1095 1125 1238; baseline 0.066 -68"><span class='ocrx_word' id='word_1_54' title='bbox 113 1095 339 1194; x_wconf 80' lang='lat' dir='ltr'>iu&#39;Ephemer.</span> <span class='ocrx_word' id='word_1_55' title='bbox 368 1113 470 1216; x_wconf 39' lang='lat' dir='ltr'>Gett·</span> <span class='ocrx_word' id='word_1_56' title='bbox 483 1143 557 1214; x_wconf 83' lang='lat' dir='ltr'>anu.</span> <span class='ocrx_word' id='word_1_57' title='bbox 577 1124 808 1206; x_wconf 79' lang='lat' dir='ltr'>MDCCCXII.</span> <span class='ocrx_word' id='word_1_58' title='bbox 835 1141 929 1218; x_wconf 74' lang='lat' dir='ltr'>Tem.</span> <span class='ocrx_word' id='word_1_59' title='bbox 948 1155 974 1222; x_wconf 86' lang='lat' dir='ltr'>I.</span> <span class='ocrx_word' id='word_1_60' title='bbox 994 1161 1071 1233; x_wconf 87' lang='lat' dir='ltr'>fase.</span> <span class='ocrx_word' id='word_1_61' title='bbox 1094 1177 1125 1238; x_wconf 86' lang='lat'>2.</span> 
     </span>
    </p>
   </div>
   <div class='ocr_carea' id='block_1_3' title="bbox 113 1283 1125 1632">
    <p class='ocr_par' dir='ltr' id='par_1_3' title="bbox 113 1283 1125 1632">
     <span class='ocr_line' id='line_1_10' title="bbox 182 1283 1125 1430; baseline 0.067 -62"><span class='ocrx_word' id='word_1_62' title='bbox 182 1305 252 1372; x_wconf 80' lang='lat' dir='ltr'>¹Ab</span> <span class='ocrx_word' id='word_1_63' title='bbox 273 1283 394 1390; x_wconf 81' lang='lat' dir='ltr'>eorum,</span> <span class='ocrx_word' id='word_1_64' title='bbox 415 1336 494 1401; x_wconf 87' lang='lat' dir='ltr'>ques</span> <span class='ocrx_word' id='word_1_65' title='bbox 511 1317 684 1412; x_wconf 84' lang='lat' dir='ltr'>hueusque</span> <span class='ocrx_word' id='word_1_66' title='bbox 704 1348 898 1426; x_wconf 76' lang='lat' dir='ltr'>enumeravi,</span> <span class='ocrx_word' id='word_1_67' title='bbox 915 1356 1039 1424; x_wconf 82' lang='lat' dir='ltr'>radone</span> <span class='ocrx_word' id='word_1_68' title='bbox 1060 1363 1125 1430; x_wconf 75' lang='lat' dir='ltr'>dis·</span> 
     </span>
     <span class='ocr_line' id='line_1_11' title="bbox 113 1405 1125 1534; baseline 0.066 -71"><span class='ocrx_word' id='word_1_69' title='bbox 113 1405 288 1470; x_wconf 74' lang='lat' dir='ltr'>sentientes</span> <span class='ocrx_word' id='word_1_70' title='bbox 309 1405 440 1492; x_wconf 82' lang='lat' dir='ltr'>Baylins</span> <span class='ocrx_word' id='word_1_71' title='bbox 459 1430 493 1479; x_wconf 85' lang='lat' dir='ltr'>ot</span> <span class='ocrx_word' id='word_1_72' title='bbox 518 1415 685 1490; x_wconf 83' lang='lat' dir='ltr'>Fabricius</span> <span class='ocrx_word' id='word_1_73' title='bbox 705 1428 909 1518; x_wconf 87' lang='lat' dir='ltr'>Sapphonem</span> <span class='ocrx_word' id='word_1_74' title='bbox 929 1460 1082 1534; x_wconf 86' lang='lat' dir='ltr'>poetriam</span> <span class='ocrx_word' id='word_1_75' title='bbox 1103 1489 1125 1531; x_wconf 82' lang='lat' dir='ltr'>a</span> 
     </span>
     <span class='ocr_line' id='line_1_12' title="bbox 113 1500 1121 1632; baseline 0.065 -70"><span class='ocrx_word' id='word_1_76' title='bbox 113 1500 234 1567; x_wconf 80' lang='lat' dir='ltr'>Lesbia</span> <span class='ocrx_word' id='word_1_77' title='bbox 252 1503 394 1571; x_wconf 82' lang='lat' dir='ltr'>Phaonis</span> <span class='ocrx_word' id='word_1_78' title='bbox 420 1518 541 1580; x_wconf 87' lang='lat' dir='ltr'>amasia</span> <span class='ocrx_word' id='word_1_79' title='bbox 568 1518 654 1585; x_wconf 91' lang='lat' dir='ltr'>haud</span> <span class='ocrx_word' id='word_1_80' title='bbox 675 1526 832 1600; x_wconf 86' lang='lat' dir='ltr'>diversam</span> <span class='ocrx_word' id='word_1_81' title='bbox 852 1561 924 1608; x_wconf 83' lang='lat' dir='ltr'>esse</span> <span class='ocrx_word' id='word_1_82' title='bbox 946 1543 1121 1632; x_wconf 86' lang='lat' dir='ltr'>perhibent.</span> 
     </span>
    </p>
   </div>
   <div class='ocr_carea' id='block_1_4' title="bbox 97 1599 1123 1744">
    <p class='ocr_par' dir='ltr' id='par_1_4' title="bbox 97 1599 1123 1744">
     <span class='ocr_line' id='line_1_13' title="bbox 97 1599 1123 1744; baseline 0.062 -83"><span class='ocrx_word' id='word_1_83' title='bbox 97 1599 178 1664; x_wconf 87' lang='lat' dir='ltr'>&#39;Eos</span> <span class='ocrx_word' id='word_1_84' title='bbox 198 1616 328 1668; x_wconf 83' lang='lat' dir='ltr'>secutus</span> <span class='ocrx_word' id='word_1_85' title='bbox 347 1619 396 1669; x_wconf 86' lang='lat' dir='ltr'>est</span> <span class='ocrx_word' id='word_1_86' title='bbox 412 1604 460 1672; x_wconf 94' lang='lat' dir='ltr'>Ie.</span> <span class='ocrx_word' id='word_1_87' title='bbox 476 1609 535 1676; x_wconf 86' lang='lat' dir='ltr'>Ch.</span> <span class='ocrx_word' id='word_1_88' title='bbox 551 1611 693 1685; x_wconf 84' lang='lat' dir='ltr'>Weffius</span> <span class='ocrx_word' id='word_1_89' title='bbox 709 1625 958 1715; x_wconf 79' lang='lat' dir='ltr'>fragmentorum</span> <span class='ocrx_word' id='word_1_90' title='bbox 970 1648 1123 1744; x_wconf 80' lang='lat' dir='ltr'>¹Sapphus</span> 
     </span>
    </p>
   </div>
   <div class='ocr_carea' id='block_1_5' title="bbox 534 1711 1122 1836">
    <p class='ocr_par' dir='ltr' id='par_1_5' title="bbox 534 1711 1122 1836">
     <span class='ocr_line' id='line_1_14' title="bbox 534 1711 1122 1836; baseline 0.083 -63"><span class='ocrx_word' id='word_1_91' title='bbox 534 1711 742 1799; x_wconf 82' lang='lat' dir='ltr'>eSapphene</span> <span class='ocrx_word' id='word_1_92' title='bbox 761 1734 879 1825; x_wconf 84' lang='lat' dir='ltr'>passim</span> <span class='ocrx_word' id='word_1_93' title='bbox 897 1761 1122 1836; x_wconf 83' lang='lat' dir='ltr'>memorentur,</span> 
     </span>
    </p>
   </div>
   <div class='ocr_carea' id='block_1_6' title="bbox 110 1815 1219 2010">
    <p class='ocr_par' dir='ltr' id='par_1_6' title="bbox 110 1815 1219 2010">
     <span class='ocr_line' id='line_1_15' title="bbox 519 1815 1219 1920; baseline 0.079 -50"><span class='ocrx_word' id='word_1_94' title='bbox 519 1815 674 1891; x_wconf 73' lang='lat' dir='ltr'>possiam</span> <span class='ocrx_word' id='word_1_95' title='bbox 695 1827 853 1908; x_wconf 71' lang='lat' dir='ltr'>pertinere</span> <span class='ocrx_word' id='word_1_96' title='bbox 875 1841 1005 1918; x_wconf 84' lang='lat' dir='ltr'>putabat</span> <span class='ocrx_word' id='word_1_97' title='bbox 1024 1855 1120 1920; x_wconf 85' lang='lat' dir='ltr'>ctiam</span> <span class='ocrx_word' id='word_1_98' title='bbox 1216 1912 1219 1920; x_wconf 90' lang='lat'>.</span> 
     </span>
     <span class='ocr_line' id='line_1_16' title="bbox 110 1891 912 2010; baseline 0.052 -55"><span class='ocrx_word' id='word_1_99' title='bbox 110 1891 272 1977; x_wconf 86' lang='lat' dir='ltr'>Olearins,</span> <span class='ocrx_word' id='word_1_100' title='bbox 295 1903 349 1986; x_wconf 88' lang='lat' dir='ltr'>qui</span> <span class='ocrx_word' id='word_1_101' title='bbox 375 1915 540 1970; x_wconf 86' lang='lat' dir='ltr'>auctorum</span> <span class='ocrx_word' id='word_1_102' title='bbox 565 1909 605 1972; x_wconf 89' lang='lat' dir='ltr'>de</span> <span class='ocrx_word' id='word_1_103' title='bbox 634 1920 739 1996; x_wconf 86' lang='lat' dir='ltr'>patria</span> <span class='ocrx_word' id='word_1_104' title='bbox 765 1922 912 2010; x_wconf 84' lang='lat' dir='ltr'>Sapphus</span> 
     </span>
    </p>
   </div>
   <div class='ocr_carea' id='block_1_7' title="bbox 13 1995 1119 2422">
    <p class='ocr_par' dir='ltr' id='par_1_7' title="bbox 13 1995 1119 2422">
     <span class='ocr_line' id='line_1_17' title="bbox 16 1995 1119 2112; baseline 0.062 -66"><span class='ocrx_word' id='word_1_105' title='bbox 16 2027 19 2034; x_wconf 84' lang='lat'><em>-</em></span> <span class='ocrx_word' id='word_1_106' title='bbox 106 2011 255 2058; x_wconf 82' lang='lat' dir='ltr'>caussam</span> <span class='ocrx_word' id='word_1_107' title='bbox 276 1995 397 2082; x_wconf 84' lang='lat' dir='ltr'>hancce</span> <span class='ocrx_word' id='word_1_108' title='bbox 419 2000 542 2068; x_wconf 83' lang='lat' dir='ltr'>habere</span> <span class='ocrx_word' id='word_1_109' title='bbox 554 2009 616 2085; x_wconf 86' lang='lat' dir='ltr'>ait,</span> <span class='ocrx_word' id='word_1_110' title='bbox 631 2014 715 2097; x_wconf 91' lang='lat' dir='ltr'>quod</span> <span class='ocrx_word' id='word_1_111' title='bbox 731 2029 854 2099; x_wconf 84' lang='lat' dir='ltr'>poetria</span> <span class='ocrx_word' id='word_1_112' title='bbox 874 2033 907 2095; x_wconf 92' lang='lat' dir='ltr'>in</span> <span class='ocrx_word' id='word_1_113' title='bbox 928 2035 1028 2106; x_wconf 82' lang='lat' dir='ltr'>ultera</span> <span class='ocrx_word' id='word_1_114' title='bbox 1041 2046 1119 2112; x_wconf 86' lang='lat' dir='ltr'>dua·</span> 
     </span>
     <span class='ocr_line' id='line_1_18' title="bbox 106 2091 1118 2211; baseline 0.061 -61"><span class='ocrx_word' id='word_1_115' title='bbox 106 2111 180 2154; x_wconf 86' lang='lat' dir='ltr'>rum</span> <span class='ocrx_word' id='word_1_116' title='bbox 206 2091 343 2158; x_wconf 86' lang='lat' dir='ltr'>urbium</span> <span class='ocrx_word' id='word_1_117' title='bbox 361 2111 454 2175; x_wconf 89' lang='lat' dir='ltr'>nata,</span> <span class='ocrx_word' id='word_1_118' title='bbox 479 2102 514 2164; x_wconf 91' lang='lat' dir='ltr'>in</span> <span class='ocrx_word' id='word_1_119' title='bbox 544 2102 644 2170; x_wconf 82' lang='lat' dir='ltr'>alteia</span> <span class='ocrx_word' id='word_1_120' title='bbox 668 2112 804 2183; x_wconf 84' lang='lat' dir='ltr'>civitatis</span> <span class='ocrx_word' id='word_1_121' title='bbox 835 2127 905 2192; x_wconf 89' lang='lat' dir='ltr'>inre</span> <span class='ocrx_word' id='word_1_122' title='bbox 932 2133 1050 2206; x_wconf 86' lang='lat' dir='ltr'>donata</span> <span class='ocrx_word' id='word_1_123' title='bbox 1077 2133 1118 2211; x_wconf 85' lang='lat' dir='ltr'>sit</span> 
     </span>
     <span class='ocr_line' id='line_1_19' title="bbox 105 2191 1118 2306; baseline 0.07 -68"><span class='ocrx_word' id='word_1_124' title='bbox 105 2191 317 2276; x_wconf 76' lang='lat' dir='ltr'>magnamque</span> <span class='ocrx_word' id='word_1_125' title='bbox 339 2195 424 2286; x_wconf 78' lang='lat' dir='ltr'>uitae</span> <span class='ocrx_word' id='word_1_126' title='bbox 445 2212 567 2280; x_wconf 87' lang='lat' dir='ltr'>partem</span> <span class='ocrx_word' id='word_1_127' title='bbox 587 2204 634 2268; x_wconf 89' lang='lat' dir='ltr'>ibi</span> <span class='ocrx_word' id='word_1_128' title='bbox 654 2221 853 2300; x_wconf 81' lang='lat' dir='ltr'>transegerit.</span> <span class='ocrx_word' id='word_1_129' title='bbox 896 2226 1018 2299; x_wconf 87' lang='lat' dir='ltr'>Olearii</span> <span class='ocrx_word' id='word_1_130' title='bbox 1035 2229 1118 2306; x_wconf 87' lang='lat' dir='ltr'>iudi·</span> 
     </span>
     <span class='ocr_line' id='line_1_20' title="bbox 13 2269 1117 2422; baseline 0.062 -84"><span class='ocrx_word' id='word_1_131' title='bbox 13 2269 16 2278; x_wconf 50' lang='lat'><em>*</em></span> <span class='ocrx_word' id='word_1_132' title='bbox 106 2282 193 2348; x_wconf 90' lang='lat' dir='ltr'>dicio</span> <span class='ocrx_word' id='word_1_133' title='bbox 221 2284 390 2354; x_wconf 81' lang='lat' dir='ltr'>subscribit</span> <span class='ocrx_word' id='word_1_134' title='bbox 405 2290 452 2356; x_wconf 88' lang='lat' dir='ltr'>Ie.</span> <span class='ocrx_word' id='word_1_135' title='bbox 474 2294 591 2364; x_wconf 85' lang='lat' dir='ltr'>Christ.</span> <span class='ocrx_word' id='word_1_136' title='bbox 612 2302 783 2382; x_wconf 84' lang='lat' dir='ltr'>Crarnerus</span> <span class='ocrx_word' id='word_1_137' title='bbox 801 2319 836 2380; x_wconf 90' lang='lat' dir='ltr'>in</span> <span class='ocrx_word' id='word_1_138' title='bbox 854 2321 978 2395; x_wconf 87' lang='lat' dir='ltr'>dissert.</span> <span class='ocrx_word' id='word_1_139' title='bbox 1000 2334 1040 2400; x_wconf 86' lang='lat' dir='ltr'>de</span> <span class='ocrx_word' id='word_1_140' title='bbox 1060 2359 1117 2422; x_wconf 89' lang='lat' dir='ltr'>pa·</span> 
     </span>
    </p>
   </div>
   <div class='ocr_carea' id='block_1_8' title="bbox 882 444 1132 566">
    <p class='ocr_par' dir='ltr' id='par_1_8' title="bbox 882 444 1132 566">
     <span class='ocr_line' id='line_1_21' title="bbox 882 444 1132 566; baseline 0.088 -34"><span class='ocrx_word' id='word_1_141' title='bbox 882 444 1024 544; x_wconf 75' lang='lat' dir='ltr'>Phoenic</span> <span class='ocrx_word' id='word_1_142' title='bbox 1042 490 1132 566; x_wconf 44' lang='grc' dir='ltr'>,αιτιοι</span> 
     </span>
    </p>
   </div>
   <div class='ocr_carea' id='block_1_9' title="bbox 104 2381 1182 2502">
    <p class='ocr_par' dir='ltr' id='par_1_9' title="bbox 104 2381 1182 2502">
     <span class='ocr_line' id='line_1_22' title="bbox 104 2381 1182 2502; baseline 0.047 -61"><span class='ocrx_word' id='word_1_143' title='bbox 104 2383 169 2443; x_wconf 90' lang='lat' dir='ltr'>tria</span> <span class='ocrx_word' id='word_1_144' title='bbox 193 2381 349 2466; x_wconf 81' lang='lat' dir='ltr'>Sapphus.</span> <span class='ocrx_word' id='word_1_145' title='bbox 401 2388 545 2477; x_wconf 81' lang='lat' dir='ltr'>Veigero</span> <span class='ocrx_word' id='word_1_146' title='bbox 573 2402 652 2464; x_wconf 78' lang='lat' dir='ltr'>satis</span> <span class='ocrx_word' id='word_1_147' title='bbox 678 2406 851 2486; x_wconf 77' lang='lat' dir='ltr'>probabilis</span> <span class='ocrx_word' id='word_1_148' title='bbox 879 2421 1004 2494; x_wconf 84' lang='lat' dir='ltr'>videtur</span> <span class='ocrx_word' id='word_1_149' title='bbox 1031 2455 1115 2502; x_wconf 85' lang='lat' dir='ltr'>oen.</span> <span class='ocrx_word' id='word_1_150' title='bbox 1180 2413 1182 2420; x_wconf 15' lang='grc' dir='ltr'><em>Α</em></span> 
     </span>
    </p>
   </div>
   <div class='ocr_carea' id='block_1_10' title="bbox 98 2479 1210 3396">
    <p class='ocr_par' dir='ltr' id='par_1_10' title="bbox 98 2479 1210 3396">
     <span class='ocr_line' id='line_1_23' title="bbox 103 2479 1115 2598; baseline 0.063 -62"><span class='ocrx_word' id='word_1_151' title='bbox 103 2479 247 2556; x_wconf 87' lang='lat' dir='ltr'>iectura,</span> <span class='ocrx_word' id='word_1_152' title='bbox 273 2480 438 2550; x_wconf 86' lang='lat' dir='ltr'>Cercolam</span> <span class='ocrx_word' id='word_1_153' title='bbox 463 2490 644 2575; x_wconf 81' lang='lat' dir='ltr'>Sapphonis</span> <span class='ocrx_word' id='word_1_154' title='bbox 672 2509 820 2576; x_wconf 85' lang='lat' dir='ltr'>maritmn</span> <span class='ocrx_word' id='word_1_155' title='bbox 847 2515 1115 2598; x_wconf 73' lang='lat' dir='ltr'>fertundrmnse·</span> 
     </span>
     <span class='ocr_line' id='line_1_24' title="bbox 103 2573 962 2687; baseline 0.061 -52"><span class='ocrx_word' id='word_1_156' title='bbox 103 2574 181 2650; x_wconf 78' lang='lat' dir='ltr'>dem</span> <span class='ocrx_word' id='word_1_157' title='bbox 201 2573 350 2647; x_wconf 83' lang='lat' dir='ltr'>habuisse</span> <span class='ocrx_word' id='word_1_158' title='bbox 370 2584 477 2666; x_wconf 82' lang='lat' dir='ltr'>Erasi,</span> <span class='ocrx_word' id='word_1_159' title='bbox 492 2595 714 2687; x_wconf 69' lang='lat' dir='ltr'>poetriamqus</span> <span class='ocrx_word' id='word_1_160' title='bbox 734 2605 809 2674; x_wconf 89' lang='lat' dir='ltr'>ideo</span> <span class='ocrx_word' id='word_1_161' title='bbox 827 2610 882 2680; x_wconf 85' lang='lat' dir='ltr'>hio</span> <span class='ocrx_word' id='word_1_162' title='bbox 899 2617 962 2686; x_wconf 86' lang='lat' dir='ltr'>ioci</span> 
     </span>
     <span class='ocr_line' id='line_1_25' title="bbox 103 2689 1210 2784; baseline 0.051 -50"><span class='ocrx_word' id='word_1_163' title='bbox 103 2689 331 2750; x_wconf 82' lang='lat' dir='ltr'>eormuoratam</span> <span class='ocrx_word' id='word_1_164' title='bbox 356 2701 439 2747; x_wconf 87' lang='lat' dir='ltr'>esse.</span> <span class='ocrx_word' id='word_1_165' title='bbox 1206 2777 1210 2784; x_wconf 89' lang='lat'>.</span> 
     </span>
     <span class='ocr_line' id='line_1_26' title="bbox 186 2767 1112 2891; baseline 0.062 -57"><span class='ocrx_word' id='word_1_166' title='bbox 186 2767 257 2838; x_wconf 87' lang='lat' dir='ltr'>Nos</span> <span class='ocrx_word' id='word_1_167' title='bbox 283 2779 413 2844; x_wconf 84' lang='lat' dir='ltr'>urinime</span> <span class='ocrx_word' id='word_1_168' title='bbox 439 2781 629 2852; x_wconf 87' lang='lat' dir='ltr'>fluctuantes</span> <span class='ocrx_word' id='word_1_169' title='bbox 655 2795 740 2861; x_wconf 88' lang='lat' dir='ltr'>inter</span> <span class='ocrx_word' id='word_1_170' title='bbox 765 2803 844 2870; x_wconf 87' lang='lat' dir='ltr'>duas</span> <span class='ocrx_word' id='word_1_171' title='bbox 876 2807 948 2878; x_wconf 87' lang='lat' dir='ltr'>iiius</span> <span class='ocrx_word' id='word_1_172' title='bbox 984 2819 1112 2891; x_wconf 82' lang='lat' dir='ltr'>senten·</span> 
     </span>
     <span class='ocr_line' id='line_1_27' title="bbox 104 2865 1113 2994; baseline 0.061 -68"><span class='ocrx_word' id='word_1_173' title='bbox 104 2865 409 2952; x_wconf 63' lang='lat' dir='ltr'>desponsationem</span> <span class='ocrx_word' id='word_1_174' title='bbox 438 2879 477 2943; x_wconf 86' lang='lat' dir='ltr'>de</span> <span class='ocrx_word' id='word_1_175' title='bbox 503 2889 668 2951; x_wconf 86' lang='lat' dir='ltr'>meretrice</span> <span class='ocrx_word' id='word_1_176' title='bbox 694 2891 808 2962; x_wconf 87' lang='lat' dir='ltr'>Eresia</span> <span class='ocrx_word' id='word_1_177' title='bbox 832 2904 922 2972; x_wconf 85' lang='lat' dir='ltr'>nihiii</span> <span class='ocrx_word' id='word_1_178' title='bbox 943 2913 1036 2994; x_wconf 87' lang='lat' dir='ltr'>plane</span> <span class='ocrx_word' id='word_1_179' title='bbox 1058 2945 1113 2986; x_wconf 86' lang='lat' dir='ltr'>ae-</span> 
     </span>
     <span class='ocr_line' id='line_1_28' title="bbox 100 2966 1113 3100; baseline 0.059 -75"><span class='ocrx_word' id='word_1_180' title='bbox 100 2966 268 3034; x_wconf 85' lang='lat' dir='ltr'>stimamus</span> <span class='ocrx_word' id='word_1_181' title='bbox 286 2993 443 3061; x_wconf 88' lang='lat' dir='ltr'>unarnque</span> <span class='ocrx_word' id='word_1_182' title='bbox 463 2989 585 3046; x_wconf 85' lang='lat' dir='ltr'>tantum</span> <span class='ocrx_word' id='word_1_183' title='bbox 605 2983 641 3050; x_wconf 91' lang='lat' dir='ltr'>in</span> <span class='ocrx_word' id='word_1_184' title='bbox 655 2986 765 3076; x_wconf 83' lang='lat' dir='ltr'>Lesbo</span> <span class='ocrx_word' id='word_1_185' title='bbox 787 3007 949 3070; x_wconf 86' lang='lat' dir='ltr'>exstitisse</span> <span class='ocrx_word' id='word_1_186' title='bbox 967 3010 1113 3100; x_wconf 80' lang='lat' dir='ltr'>Sapphe-</span> 
     </span>
     <span class='ocr_line' id='line_1_29' title="bbox 99 3063 1111 3190; baseline 0.06 -69"><span class='ocrx_word' id='word_1_187' title='bbox 99 3079 176 3125; x_wconf 87' lang='lat' dir='ltr'>nem</span> <span class='ocrx_word' id='word_1_188' title='bbox 198 3063 291 3130; x_wconf 88' lang='lat' dir='ltr'>nobis</span> <span class='ocrx_word' id='word_1_189' title='bbox 314 3077 592 3152; x_wconf 85' lang='lat' dir='ltr'>persuasissimum</span> <span class='ocrx_word' id='word_1_190' title='bbox 617 3080 782 3156; x_wconf 89' lang='lat' dir='ltr'>habemus.</span> <span class='ocrx_word' id='word_1_191' title='bbox 832 3097 923 3168; x_wconf 86' lang='lat' dir='ltr'>Haeo</span> <span class='ocrx_word' id='word_1_192' title='bbox 943 3107 1047 3190; x_wconf 85' lang='lat' dir='ltr'>Erasi,</span> <span class='ocrx_word' id='word_1_193' title='bbox 1064 3130 1111 3181; x_wconf 87' lang='lat' dir='ltr'>ta-</span> 
     </span>
     <span class='ocr_line' id='line_1_30' title="bbox 99 3158 1110 3298; baseline 0.06 -79"><span class='ocrx_word' id='word_1_194' title='bbox 99 3169 151 3220; x_wconf 85' lang='lat' dir='ltr'>ste</span> <span class='ocrx_word' id='word_1_195' title='bbox 179 3158 280 3228; x_wconf 86' lang='lat' dir='ltr'>Suida</span> <span class='ocrx_word' id='word_1_196' title='bbox 308 3187 334 3228; x_wconf 85' lang='grc' dir='ltr'>ι.</span> <span class='ocrx_word' id='word_1_197' title='bbox 355 3189 386 3230; x_wconf 84' lang='grc' dir='ltr'>ν.</span> <span class='ocrx_word' id='word_1_198' title='bbox 415 3171 551 3253; x_wconf 74' lang='grc' dir='ltr'><strong><em>Σαπφώ,</em></strong></span> <span class='ocrx_word' id='word_1_199' title='bbox 574 3182 710 3268; x_wconf 80' lang='lat' dir='ltr'>nata⁸²)</span> <span class='ocrx_word' id='word_1_200' title='bbox 728 3207 857 3271; x_wconf 88' lang='lat' dir='ltr'>postero</span> <span class='ocrx_word' id='word_1_201' title='bbox 879 3214 1020 3287; x_wconf 88' lang='lat' dir='ltr'>tempore</span> <span class='ocrx_word' id='word_1_202' title='bbox 1036 3207 1110 3298; x_wconf 83' lang='lat' dir='ltr'>My·</span> 
     </span>
     <span class='ocr_line' id='line_1_31' title="bbox 98 3253 1110 3396; baseline 0.061 -79"><span class='ocrx_word' id='word_1_203' title='bbox 98 3253 208 3340; x_wconf 85' lang='lat' dir='ltr'>tiieuis</span> <span class='ocrx_word' id='word_1_204' title='bbox 234 3262 286 3326; x_wconf 89' lang='lat' dir='ltr'>ius</span> <span class='ocrx_word' id='word_1_205' title='bbox 310 3265 447 3332; x_wconf 86' lang='lat' dir='ltr'>civitatis</span> <span class='ocrx_word' id='word_1_206' title='bbox 468 3277 631 3357; x_wconf 87' lang='lat' dir='ltr'>accepisse</span> <span class='ocrx_word' id='word_1_207' title='bbox 653 3289 798 3372; x_wconf 91' lang='lat' dir='ltr'>putanda</span> <span class='ocrx_word' id='word_1_208' title='bbox 822 3307 893 3376; x_wconf 84' lang='lat' dir='ltr'>est,</span> <span class='ocrx_word' id='word_1_209' title='bbox 911 3323 1110 3396; x_wconf 83' lang='lat' dir='ltr'>¹quapropter</span> 
     </span>
    </p>
   </div>
   <div class='ocr_carea' id='block_1_11' title="bbox 90 3397 716 3467">
    <p class='ocr_par' dir='ltr' id='par_1_11' title="bbox 90 3397 716 3467">
     <span class='ocr_line' id='line_1_32' title="bbox 90 3397 716 3467; baseline 0.062 -36"><span class='ocrx_word' id='word_1_210' title='bbox 90 3397 716 3467; x_wconf 30' lang='grc' dir='ltr'><em>Ἣ</em></span> 
     </span>
    </p>
   </div>
   <div class='ocr_carea' id='block_1_12' title="bbox 984 2648 1113 2698">
    <p class='ocr_par' dir='ltr' id='par_1_12' title="bbox 984 2648 1113 2698">
     <span class='ocr_line' id='line_1_33' title="bbox 984 2648 1113 2698; baseline 0.07 -9"><span class='ocrx_word' id='word_1_211' title='bbox 984 2648 1055 2694; x_wconf 77' lang='lat' dir='ltr'>cum</span> <span class='ocrx_word' id='word_1_212' title='bbox 1073 2655 1113 2698; x_wconf 73' lang='lat'>00</span> 
     </span>
    </p>
   </div>
   <div class='ocr_carea' id='block_1_13' title="bbox 133 3461 1109 4068">
    <p class='ocr_par' dir='ltr' id='par_1_13' title="bbox 169 3461 1109 3750">
     <span class='ocr_line' id='line_1_34' title="bbox 718 3461 1109 3518; baseline 0.056 -38"><span class='ocrx_word' id='word_1_213' title='bbox 718 3461 1109 3518; x_wconf 50' lang='grc' dir='ltr'>Ἢ</span> 
     </span>
     <span class='ocr_line' id='line_1_35' title="bbox 169 3539 686 3638; baseline 0.066 -48"><span class='ocrx_word' id='word_1_214' title='bbox 169 3539 305 3609; x_wconf 79' lang='lat' dir='ltr'>⁸¹)1eon,</span> <span class='ocrx_word' id='word_1_215' title='bbox 324 3547 373 3602; x_wconf 84' lang='lat' dir='ltr'>Gr.</span> <span class='ocrx_word' id='word_1_216' title='bbox 388 3552 468 3633; x_wconf 84' lang='lat' dir='ltr'>Tem.</span> <span class='ocrx_word' id='word_1_217' title='bbox 487 3558 508 3609; x_wconf 92' lang='lat'>1.</span> <span class='ocrx_word' id='word_1_218' title='bbox 526 3575 553 3628; x_wconf 89' lang='lat' dir='ltr'>p.</span> <span class='ocrx_word' id='word_1_219' title='bbox 573 3563 611 3619; x_wconf 87' lang='grc'>69</span> <span class='ocrx_word' id='word_1_220' title='bbox 628 3579 686 3638; x_wconf 84' lang='lat' dir='ltr'>sqq.</span> 
     </span>
     <span class='ocr_line' id='line_1_36' title="bbox 170 3633 1085 3750; baseline 0.062 -65"><span class='ocrx_word' id='word_1_221' title='bbox 170 3633 212 3698; x_wconf 77' lang='lat'>⁸²)</span> <span class='ocrx_word' id='word_1_222' title='bbox 232 3638 411 3698; x_wconf 86' lang='lat' dir='ltr'>Dioscorides</span> <span class='ocrx_word' id='word_1_223' title='bbox 430 3649 459 3700; x_wconf 93' lang='lat' dir='ltr'>in</span> <span class='ocrx_word' id='word_1_224' title='bbox 476 3650 584 3710; x_wconf 81' lang='lat' dir='ltr'>Anthoi.</span> <span class='ocrx_word' id='word_1_225' title='bbox 609 3658 690 3714; x_wconf 81' lang='lat' dir='ltr'>Palat</span> <span class='ocrx_word' id='word_1_226' title='bbox 709 3667 788 3722; x_wconf 87' lang='lat' dir='ltr'>Tem.</span> <span class='ocrx_word' id='word_1_227' title='bbox 808 3669 829 3724; x_wconf 89' lang='lat' dir='ltr'>i.</span> <span class='ocrx_word' id='word_1_228' title='bbox 846 3689 873 3743; x_wconf 88' lang='lat' dir='ltr'>p.</span> <span class='ocrx_word' id='word_1_229' title='bbox 892 3675 959 3736; x_wconf 74' lang='grc'><strong>426.</strong></span> <span class='ocrx_word' id='word_1_230' title='bbox 980 3741 981 3748; x_wconf 15' lang='lat'>¹</span> <span class='ocrx_word' id='word_1_231' title='bbox 1078 3717 1085 3750; x_wconf 63' lang='grc' dir='ltr'>,ι</span> 
     </span>
    </p>

    <p class='ocr_par' dir='ltr' id='par_1_14' title="bbox 133 3714 1043 4068">
     <span class='ocr_line' id='line_1_37' title="bbox 244 3714 984 3825; baseline 0.061 -53"><span class='ocrx_word' id='word_1_232' title='bbox 244 3714 369 3776; x_wconf 62' lang='lat' dir='ltr'>‘moeror</span> <span class='ocrx_word' id='word_1_233' title='bbox 382 3726 505 3794; x_wconf 74' lang='grc' dir='ltr'><strong><em>φιλέουσι</em></strong></span> <span class='ocrx_word' id='word_1_234' title='bbox 515 3734 583 3798; x_wconf 79' lang='grc' dir='ltr'><strong><em>’νέοις</em></strong></span> <span class='ocrx_word' id='word_1_235' title='bbox 594 3745 787 3818; x_wconf 76' lang='grc' dir='ltr'><strong><em>προςανιῖκλιμ’</em></strong></span> <span class='ocrx_word' id='word_1_236' title='bbox 806 3752 910 3825; x_wconf 70' lang='grc' dir='ltr'><strong><em>ἐρώτων</em></strong></span> <span class='ocrx_word' id='word_1_237' title='bbox 965 3779 967 3784; x_wconf 86' lang='grc'><em>·</em></span> <span class='ocrx_word' id='word_1_238' title='bbox 981 3802 984 3808; x_wconf 84' lang='lat'><em>-</em></span> 
     </span>
     <span class='ocr_line' id='line_1_38' title="bbox 299 3805 898 3908; baseline 0.063 -52"><span class='ocrx_word' id='word_1_239' title='bbox 299 3805 418 3880; x_wconf 66' lang='grc' dir='ltr'><em>Σαπφώ,</em></span> <span class='ocrx_word' id='word_1_240' title='bbox 438 3809 487 3866; x_wconf 77' lang='grc' dir='ltr'>σὺν</span> <span class='ocrx_word' id='word_1_241' title='bbox 505 3814 635 3884; x_wconf 82' lang='grc' dir='ltr'><strong><em>Μούσαις</em></strong></span> <span class='ocrx_word' id='word_1_242' title='bbox 644 3816 671 3892; x_wconf 72' lang='grc' dir='ltr'>’ἦ</span> <span class='ocrx_word' id='word_1_243' title='bbox 688 3826 726 3900; x_wconf 77' lang='grc' dir='ltr'>ριἷ</span> <span class='ocrx_word' id='word_1_244' title='bbox 744 3847 776 3885; x_wconf 82' lang='lat' dir='ltr'>ee</span> <span class='ocrx_word' id='word_1_245' title='bbox 791 3837 898 3908; x_wconf 76' lang='grc' dir='ltr'><strong><em>Πιιρὶη,</em></strong></span> 
     </span>
     <span class='ocr_line' id='line_1_39' title="bbox 133 3878 901 3980; baseline 0.059 -53"><span class='ocrx_word' id='word_1_246' title='bbox 133 3921 134 3926; x_wconf 74' lang='grc'>,</span> <span class='ocrx_word' id='word_1_247' title='bbox 249 3878 395 3949; x_wconf 76' lang='grc' dir='ltr'><strong><em>ἢἛλιιιῶν</em></strong></span> <span class='ocrx_word' id='word_1_248' title='bbox 413 3889 543 3960; x_wconf 72' lang='lat' dir='ltr'>eburneos,</span> <span class='ocrx_word' id='word_1_249' title='bbox 560 3895 768 3963; x_wconf 68' lang='lat' dir='ltr'>trahariorum</span> <span class='ocrx_word' id='word_1_250' title='bbox 786 3914 901 3980; x_wconf 73' lang='grc' dir='ltr'><strong><em>ἐκείναις</em></strong></span> 
     </span>
     <span class='ocr_line' id='line_1_40' title="bbox 297 3967 1043 4068; baseline 0.048 -47"><span class='ocrx_word' id='word_1_251' title='bbox 297 3967 935 4053; x_wconf 70' lang='grc' dir='ltr'><strong><em>κοσμεῖ,τῆνἜρέσῳΜοῦσανὲνΑἰολίὃι.</em></strong></span> <span class='ocrx_word' id='word_1_252' title='bbox 1040 4061 1043 4068; x_wconf 70' lang='grc'><em>,</em></span> 
     </span>
    </p>
   </div>
   <div class='ocr_carea' id='block_1_14' title="bbox 868 4075 913 4142">
    <p class='ocr_par' dir='ltr' id='par_1_15' title="bbox 868 4075 913 4142">
     <span class='ocr_line' id='line_1_41' title="bbox 868 4075 913 4142; baseline -0.067 -1"><span class='ocrx_word' id='word_1_253' title='bbox 868 4075 913 4142; x_wconf 73' lang='grc' dir='ltr'>Μ,</span> 
     </span>
    </p>
   </div>
   <div class='ocr_carea' id='block_1_15' title="bbox 0 0 1378 4670">
    <p class='ocr_par' dir='ltr' id='par_1_16' title="bbox 0 0 1378 4670">
     <span class='ocr_line' id='line_1_42' title="bbox 0 0 1378 4670; baseline 0 8"><span class='ocrx_word' id='word_1_254' title='bbox 0 0 1378 4670; x_wconf 95' lang='lat' dir='ltr'> </span> 
     </span>
    </p>
   </div>
  </div>
 </body>
</html>
