2772 4684
541 383 743 406 --—-
1097 357 1141 425 2¹

94 507 100 514 ,
126 541 193 604 His
223 535 387 602 addendus
414 533 538 614 Plinius
564 533 607 598 H.
632 532 675 600 N.
702 531 745 616 11,
770 537 822 601 91.
849 535 976 602 Rama
998 543 1141 620 (natura)

126 635 406 704 aestuationem
426 639 514 698 nari
533 638 707 720 lunaque
734 641 851 699 tenu:
883 635 1048 702 Anium
1074 637 1141 704 be·

12 763 15 776 =
90 757 93 766 ·
127 733 186 798 aba
212 747 294 797 eto.¹

213 825 411 912 Methymna,
424 825 473 912 ⁷⁶)
503 827 629 892 urbium
657 828 848 896 Lesbiorum
865 845 939 917 post
959 829 1137 915 Mytilenen

68 930 70 940 “
131 925 343 1002 celeberrima,
363 923 403 988 ab
422 929 587 1009 oppositae
602 929 794 991 continentis
809 929 912 1007 litore,
925 931 1009 1016 quod
1026 944 1075 995 est
1086 934 1136 995 in·

30 1063 32 1070 ·
130 1039 176 1088 ter
198 1021 420 1106 Polymedium
437 1037 470 1086 et
486 1023 616 1099 Assum,
636 1023 748 1088 stadiis
766 1027 935 1109 sexaginta
950 1027 1137 1092 secerneba-

96 1106 101 1118 ’
125 1135 186 1198 tur,
211 1143 232 1183 a
256 1119 368 1184 Malea
389 1123 605 1205 promontorio
626 1125 777 1184 trecentis
801 1121 1019 1209 quadraginta,
1041 1149 1061 1188 a
1083 1124 1135 1189 Si·
1170 1187 1176 1198 ,

122 1221 195 1302 grio
214 1219 397 1304 quingentis
415 1221 596 1303 sexaginta.
639 1216 892 1287 HodieMoIioo
916 1220 1038 1284 dieitur.
1068 1220 1133 1286 Ne·
1197 1253 1204 1270 ·

10 1363 12 1372 ,
124 1337 188 1401 que
211 1314 251 1376 de
270 1317 488 1399 magnitudine
506 1325 613 1402 nequo'
628 1316 667 1378 de
686 1317 839 1381 aediliciis
860 1317 945 1382 illius
964 1319 1133 1405 quidquam

67 1421 70 1439 ²
126 1399 332 1498 prodiderunt
352 1416 533 1498 scriptores.

197 1508 423 1595 'Arubaffll
456 1531 552 1574 unam
587 1531 632 1574 ex
668 1533 729 1574 sex
757 1515 906 1576 maximis
932 1511 1063 1577 urbibus
1090 1514 1131 1578 ab
1179 1506 1187 1526 ⁸

62 1654 65 1660 ,
121 1605 261 1671 Aeolum
290 1599 412 1673 bolonis
434 1612 470 1672 in
495 1606 604 1672 Itesbo
634 1614 829 1686 constitutis,
863 1614 898 1673 in
925 1607 1130 1692 Methymnae

121 1706 241 1769 vicinia
263 1708 357 1770 sitam
376 1701 488 1784 subse,
509 1727 553 1769 ex
581 1729 622 1769 eo
643 1706 807 1791 probabile
828 1704 875 1784 fit,
896 1709 980 1794 quod
1002 1707 1131 1794 Methy-

121 1804 228 1866 mnaei
253 1801 428 1868 Arisbaeos
455 1805 490 1866 in
513 1807 698 1870 servitutem
723 1805 916 1890 redegerunt
945 1805 1131 1893 illorumque

107 1900 226 1988 „solum
254 1915 450 1986 occuparunt
477 1901 609 1970 testibus
638 1903 805 1968 Herodoto
839 1917 871 1966 et
899 1902 1066 1968 Strabone.
1080 1903 1130 1988 78)

122 1996 234 2084 Nape,
253 2021 347 2086 quam
367 1998 408 2062 ab
418 1998 587 2064 Hellanioo
604 2003 806 2085 ignoratione
827 2003 917 2087 lapso
931 1999 1051 2088 Lapen
1071 2024 1129 2066 ro-

122 2098 187 2160 cari
217 2095 314 2162 tradit
339 2095 466 2176 Strabo,
487 2101 522 2164 in
550 2121 661 2184 campo
696 2096 924 2184 Methymnaeo
942 2103 1128 2164 -constituta

123 2192 266 2275 erat.⁷⁹)

189 2487 233 2553 76)
252 2487 426 2552 Scriptorum
451 2487 623 2540 Graecorum
641 2487 752 2551 plurimi
777 2485 883 2538 habent
899 2481 1060 2553 Multarum
1096 2485 1127 2537 ia

121 2573 219 2638 paucio
236 2574 343 2622 tantum
361 2569 432 2621 locis
450 2572 587 2634 reperitur
606 2567 755 2636 Μέθνμνα.
789 2568 901 2622 Nummi
920 2568 1063 2620 autonomi
1079 2582 1125 2619 ex-

120 2654 217 2707 hibent
235 2657 288 2708 Ma
307 2657 337 2704 et
354 2656 418 2710 Mr,·
447 2651 621 2714 imperatorii
648 2650 712 2702 inde
739 2666 756 2701 a
775 2651 938 2703 Domitiano
957 2654 1016 2714 Μη.
1052 2645 1124 2700 Vide

118 2735 210 2788 wan.
230 2737 266 2788 ed
286 2729 442 2800 Thucydid.
458 2731 539 2795 111,2.
551 2730 651 2784 Tzach.
665 2733 702 2799 ad
716 2732 807 2785 Strab.
822 2733 869 2784 lib.
883 2732 930 2783 lx.
942 2743 968 2795 p.
981 2728 1045 2781 554
1054 2727 1120 2780 555.

188 2829 230 2889 W)
250 2826 328 2888 Quae
349 2829 500 2893 sequuntur
519 2826 628 2889 oppida,
648 2841 744 2876 eorum
765 2828 877 2878 nomina
895 2826 923 2875 in
942 2822 1039 2874 tabula
1057 2835 1123 2890 geo-

122 2905 254 2978 graphica
265 2908 387 2976 maxima
404 2921 438 2960 ex
456 2914 534 2970 parte
555 2909 659 2960 omissa
676 2913 749 2970 suat,
774 2908 840 2978 quia
861 2906 910 2958 ubi
934 2905 991 2957 loci
1013 2903 1123 2956 illiniti

120 2990 226 3043 luerint
241 2988 322 3042 hodie
340 2989 401 3042 erui
419 2991 531 3041 omnino
548 2990 652 3058 nequit.
1185 3061 1187 3069 y

190 3069 387 3152 wilramni.
402 3081 423 3144 1,
444 3081 507 3134 151.
529 3081 621 3140 strab.
639 3084 686 3135 ub.
705 3081 778 3134 xur.
793 3095 819 3145 p.
837 3078 902 3134 590.
922 3081 954 3132 a.
974 3080 1039 3132 aare
1057 3079 1119 3130 ca.
1186 3074 1188 3084 ·

114 3180 143 3232 p.
160 3147 226 3218 450.
245 3162 348 3216 Tzach.
367 3162 474 3216 Plinius
493 3165 528 3218 ll.
544 3164 577 3216 N.
595 3163 637 3218 l.l.
656 3165 783 3217 Arisbam
799 3170 892 3216 terrae
911 3168 989 3216 motu
1007 3160 1119 3213 subver-

116 3264 177 3301 sam
193 3247 269 3301 dicit.

188 3341 228 3402 '⁹)
250 3339 343 3393 Strab.
362 3338 411 3391 lib.
427 3339 473 3390 lx.
493 3355 519 3406 p.
536 3339 601 3391 426.
618 3342 648 3392 C.
664 3339 723 3404 ἑξῆς
742 3336 769 3391 tl
786 3337 883 3405 Βῆσσά
898 3359 923 3391 τι
941 3332 1049 3389 πεδίον·
1067 3349 1119 3383 κα·

111 3421 191 3476 lorias
209 3417 243 3473 δ’·
261 3415 345 3482 οὕτως
368 3417 423 3474 dub
444 3423 493 3473 τοῦ
515 3414 716 3490 συμβεβηκότος
739 3421 776 3489 τῷ
793 3416 883 3490 τόπῳ·
907 3415 1046 3489 δρυμώδης
1062 3409 1118 3485 yu'p

28 3536 32 3546 ‹
112 3503 186 3556 ἐστι’·
208 3496 309 3568 ταύτην
324 3501 373 3570 μὲν
387 3488 435 3554 οὖν
449 3497 496 3568 τὴν
512 3503 623 3568 Βῆσσαν
640 3502 738 3560 ἐντοῖς
757 3497 817 3553 δυσὶ
834 3500 970 3570 γραπτέον
985 3516 1031 3553 aa·
1053 3491 1119 3568 *dud

111 3579 165 3655 γὰρ
184 3582 236 3636 τοῦ
253 3579 410 3653 δρυμώδους
437 3578 592 3651 ὠνόμασται
615 3578 779 3650 ὁμωνύμως·
816 3577 905 3654 ὥσπερ
925 3581 973 3636 καὶ
990 3578 1074 3646 Νάπη
1091 3578 1119 3630 dr

111 3663 149 3735 τῷ
177 3659 338 3730 Μηθύμνης
364 3659 456 3732 πεδίῳ.
484 3657 518 3727 ἢν
538 3657 692 3721 Ἑλλάνικος
720 3657 825 3730 ἀγνοῶν
853 3661 953 3730 Λάπην
982 3657 1114 3731 iropdtu·

109 3745 195 3813 Apud
214 3743 386 3811 Stephanum
406 3745 575 3812 Byzantium
602 3750 696 3800 tornea
711 3743 805 3797 videre
823 3753 878 3797 ert:
913 3739 1009 3810 Νάπη,
1039 3739 1117 3800 πόλις

108 3821 240 3892 Λέσβου·
269 3819 472 3888 Ἑλλάνικος
501 3825 536 3890 ἐν,
560 3821 705 3896 δευτέρῳ
728 3823 939 3894 Λεσβιακῶν.
963 3822 1114 3887 ὁποὶίιης,

107 3905 259 3966 Ναπαῖος·
277 3903 325 3959 καὶ
338 3902 471 3960 Ἀπόλλων
489 3907 626 3967 Nunnius.
654 3907 694 3959 Cl.
715 3906 806 3959 Stura.
831 3909 864 3960 de
883 3908 993 3960 Helian.
1023 3921 1049 3974 p.
1072 3900 1116 3955 16.

109 3986 425 4049 Maerob.Sat.l,17.
453 3988 553 4042 Suidas
571 4006 593 4042 s.
613 3985 745 4056 uNdmy·
775 3990 908 4042 Miouuet.
938 3988 1047 4044 Numan
1067 3983 1117 4037 Gr.

108 4069 197 4122 Tam.
212 4067 257 4124 ΙΙΙ.
276 4085 304 4140 p.
319 4070 367 4126 50.
415 4069 591 4124 Hellanicum
604 4085 658 4140 quo
675 4073 786 4125 nomine
807 4071 936 4142 oppidum
953 4067 1022 4124 illud
1041 4073 1118 4122 recto
