2772 4684
458 393 660 410 -·--
1019 358 1066 430 29

12 595 15 604 ι
51 553 171 640 spretis
193 547 334 623 Diodori
353 543 455 616 Siculi
476 546 673 624 commentis,
694 537 777 610 effici
795 549 912 631 'potest
951 546 1069 614 Strabo

51 671 173 736 nempe
190 646 252 712 lib.
267 639 326 722 IX,
346 667 377 730 p.
400 639 474 706 440.
502 644 551 721 C,
572 640 627 708 nbi
654 643 694 705 (le
718 645 859 708 Larissis
887 647 1070 731 antiquissi-

51 754 118 814 mis
148 746 357 828 Pelasgorum
381 739 514 806 urbibus
539 741 687 828 loquitur,
714 740 824 805 Lesbo
844 744 879 806 in
898 745 950 807 via
971 742 1069 827 Myti-

12 861 17 920 ἑ
52 846 132 912 lene
163 841 380 922 Methymnam
411 838 546 904 (lucente
581 859 669 901 tuso
703 836 887 903 Larissaea
911 841 1069 924 (vetustas

11 959 15 996 1
54 942 149 1006 urbis
175 943 243 1002 sine
271 934 370 1000 dubio
394 934 522 1020 rudera)
550 949 679 999 exstare
703 938 807 1000 tradit.
852 937 974 1002 Eodem
995 958 1070 1003 nar·

11 1059 13 1094 t
58 1053 148 1106 rante
178 1033 294 1101 Lesbii
329 1055 366 1100 se
399 1031 458 1098 sub
488 1032 608 1116 Pylaeo
636 1033 844 1119 Pelasgorum
871 1036 950 1098 duce
983 1031 1068 1101 bello

58 1135 202 1200 Troiano
234 1131 418 1196 interfuisse
446 1129 692 1216 perhibuerunt,
720 1153 812 1217 quam
841 1133 970 1198 adrem
991 1150 1070 1199 mort

55 1232 151 1298 nobis
169 1229 372 1294 redeundum
396 1232 466 1292 erit.
515 1229 607 1293 Haeo
626 1227 907 1314 geographixillius
928 1233 1070 1296 testimo-

56 1333 114 1420 nia
134 1349 216 1404 nos,
240 1339 276 1389 ut
297 1327 442 1413 equidem
467 1326 598 1409 opinor,
625 1323 710 1388 haud
733 1325 875 1390 dubitare
895 1331 1068 1414 patiuntur,

59 1429 138 1514 quin
154 1423 281 1510 Pelasgi
299 1421 442 1487 Lesbum
463 1423 576 1503 priscis
598 1422 791 1507 temporibus
811 1423 1068 1490 inhabitaverint.

59 1522 128 1586 Iam
147 1543 225 1586 vere
247 1522 392 1609 quaestio
416 1521 552 1596 extuat,
565 1532 676 1608 ,utrum
694 1521 831 1586 insulam
850 1522 890 1587 ab
913 1527 1000 1587 omni
1019 1525 1069 1588 inv·

58 1620 98 1682 tle
119 1632 262 1703 tempore
274 1618 445 1687 incoluerit
453 1615 620 1701 Pelasgica
637 1639 728 1702 gens,
747 1641 788 1682 an
802 1637 845 1682 ex
855 1620 920 1683 alia
934 1625 1068 1706 regions

57 1720 93 1780 in
113 1737 185 1780 eam
210 1718 447 1802 immigraverit.
502 1713 687 1782 Monuimue
719 1737 815 1801 supra
843 1715 1008 1803 Pelasgos,
1032 1722 1068 1784 iu

56 1819 243 1880 universum
260 1836 328 1898 pro·
339 1811 604 1878 autochthonibus
626 1811 790 1877 habendos
809 1814 981 1878 secundum
999 1813 1069 1880 He·

58 1913 166 1976 rodoti
186 1907 408 1976 narrationem.
451 1909 563 1996 Neque
576 1923 681 1974 tumen
700 1909 970 1989 dissimulandum,
983 1911 1070 1977 haud

59 2023 146 2074 certo
180 2029 240 2072 nos
274 2009 431 2074 affirmare
449 2030 557 2092 posse,
574 2012 740 2073 umversas
762 2022 873 2085 terras,
893 2007 948 2072 ubi
970 2013 1069 2073 vesti-

58 2109 113 2192 gia
129 2105 325 2194 reliquerunt
346 2105 486 2190 Pelasgi,
507 2104 546 2168 ab
571 2109 657 2168 omni
674 2106 749 2169 iutle
770 2121 910 2192 tempore
931 2127 951 2170 a
970 2121 1067 2192 gente

59 2204 116 2268 illa
134 2203 235 2268 cultas
262 2218 343 2268 esse.
390 2202 443 2268 Aa
465 2203 619 2288 Pelasgos
643 2202 782 2266 Lesbios
803 2205 886 2289 quod
908 2207 1030 2281 attinet,
1048 2227 1066 2269 e

63 2299 234 2366 Thessalia
258 2322 315 2364 eos
341 2302 471 2367 colonos
494 2304 680 2383 provenisse
705 2297 856 2375 arbitror,
884 2303 944 2363 etsi
970 2301 1067 2385 longe

58 2397 180 2474 absum,
213 2410 248 2462 ut
274 2397 423 2484 Dionysii
449 2401 698 2492 Halicarnassei,
720 2395 773 2484 qui
789 2399 838 2460 roi
857 2396 941 2460 illius
960 2413 1070 2463 auctor

56 2511 116 2575 est,
137 2497 177 2560 tle
197 2489 406 2593 Pelasgqrum
425 2498 542 2584 populo
561 2493 836 2578 narrationem¹⁸)
855 2494 996 2581 probem.
1037 2495 1069 2560 ls

55 2615 172 2678 nempe
189 2593 344 2680 Pelasgos
371 2597 525 2682 Argolide
552 2597 705 2661 oriundos
724 2608 818 2657 sexta
838 2609 953 2673 aetate,
974 2597 1069 2662 Pelo·

55 2711 202 2776 ponneso
227 2692 356 2769 relicta,
392 2698 427 2760 in
457 2710 572 2759 terram
602 2718 642 2759 eo
674 2707 816 2778 tempore
844 2692 1069 2772 Haemoniam,

54 2786 190 2874 posthae
215 2786 419 2856 Thessaliam
445 2807 657 2878 nuncupatam
682 2792 881 2871 immigrasse
902 2793 955 2854 ait.
998 2789 1069 2854 Du-

61 2906 115 2947 ces
136 2907 255 2964 eorum,
273 2892 427 2975 scriptore
440 2890 496 2954 illo
512 2903 602 2966 teste,
617 2891 745 2952 luerunt
758 2883 919 2964 Achaeus,
935 2887 1069 2951 Phthius

60 2995 94 3046 et
118 2981 287 3068 Pelasgus,
317 2988 470 3050 Larissae
502 2987 704 3072 Neptunique
732 2981 801 3046 tilii.
850 2982 912 3045 Per
930 2986 1067 3069 quinque

55 3094 191 3158 aetates,
213 3096 248 3146 ut
266 3084 363 3148 tradit
383 3084 570 3167 Dionysius,
589 3083 756 3167 Pelasgioa
772 3100 852 3164 gens
867 3076 1068 3142 Thessaliam

55 3176 205 3257 obtinuit,
224 3194 319 3244 sexta
339 3196 442 3245 aetate
464 3205 484 3246 a
502 3181 700 3246 Deucalione
721 3174 902 3241 Promethei
923 3174 990 3240 filio
1009 3195 1070 3237 ex·

52 3274 160 3362 pulsa.
203 3273 294 3356 Tum,
306 3277 435 3365 Pelasgi
457 3280 630 3346 seeundum
654 3279 839 3361 scriptorem
860 3280 1003 3336 nostrum
1019 3272 1070 3336 lu·

53 3394 100 3457 ga
121 3371 267 3458 dissipati
297 3375 440 3441 diversos
467 3387 699 3462 occupaverunt
729 3372 827 3447 locos,
847 3368 938 3432 verbi
956 3390 1070 3434 caussa

55 3467 198 3546 Cretam,
220 3468 386 3553 Cyclades,
406 3474 582 3550 Euboeam,
604 3471 806 3555 Hellesponti
827 3489 915 3533 oram
934 3466 1071 3532 insulas·

55 3587 120 3652 que
147 3568 340 3650 adiacentes.
377 3571 446 3636 ‘Sic
474 3573 586 3634 eodem
612 3571 769 3633 referente
798 3567 894 3630 etiam
926 3563 1070 3631 Lesbum

48 3667 251 3748 pervenere,
278 3687 342 3729 una
370 3689 441 3731 oum
468 3667 598 3732 Mature
626 3665 742 3730 Criasii
770 3661 849 3739 filio,
880 3665 932 3749 qui
950 3665 1069 3748 primos

49 3745 190 3824 colonos
208 3783 228 3824 e
250 3759 386 3830 Graecia
405 3767 439 3827 in
457 3763 593 3830 insulam
611 3787 682 3828 eam
701 3763 832 3826 duxisse
848 3758 1031 3847 perhibetur
1049 3779 1070 3822 a

49 3855 228 3940 Dionysio.
280 3858 372 3924 Haeo
399 3875 449 3925 est
483 3862 646 3946 scriptoris
676 3859 762 3924 illius
794 3859 834 3922 de
861 3856 1069 3942 Pelasgorum

127 4087 172 4152 ¹⁸)
192 4087 312 4162 Dionys.
331 4091 422 4148 Helio.
438 4095 529 4164 susq.
548 4093 629 4147 Tum.
645 4093 667 4158 l,
688 4105 719 4162 ps
732 4087 775 4146 la.
