2734 4676
522 371 722 398 -·⁴··-··-·
1029 348 1116 423 att

107 538 184 626 pbis
210 540 296 600 inter
310 552 364 616 „aa
387 544 525 596 certasse
549 551 593 596 ex
621 528 790 610 Strabone,
808 530 968 600 Pausania
985 499 1116 627 obliqua

110 633 266 700 convinci
290 643 403 716 potest.
454 626 623 694 Tumultus
648 652 669 692 a
696 626 882 716 Terpandro
899 637 1036 700 musices
1057 660 1117 724 ope
1170 615 1177 637 Ι

113 732 261 818 oppressi
286 727 434 814 permulti
452 730 663 792 meminerunt
682 730 860 814 scriptores.
901 731 1118 800 Lacedaemo·

115 832 181 894 uiis
204 848 313 911 nempe
340 826 497 888 seditione
523 823 740 889 laborantibus
768 825 987 917 Apollinisque
1006 829 1123 897 oreon?

5 935 9 954 ¹
115 926 183 989 lum
206 922 442 988 consulentibus
469 947 489 988 a
513 921 628 1004 Pythia
654 922 689 984 id
717 924 823 988 datum
850 940 899 989 est
920 949 1118 1012 responsum,

117 1037 152 1085 nt
169 1023 324 1085 musicum
336 1020 490 1085 Lesbium
510 1019 655 1104 Spartam
676 1035 883 1084 arcesserent.
915 1020 999 1088 Tum
1016 1023 1119 1112 Terp-

113 1119 210 1184 ander
229 1116 272 1182 ob
295 1121 494 1183 comasissam
521 1117 650 1181 caedem
677 1117 771 1182 exsul
789 1117 1034 1187 Lacedaemona
1062 1145 1119 1188 vo·

112 1231 207 1281 catus
235 1229 304 1292 est,
342 1218 397 1301 qui
428 1219 461 1278 in
497 1217 633 1298 syssitiis
664 1213 780 1280 fidibus
810 1238 927 1280 canens
955 1231 1119 1305 tantopere

113 1316 287 1378 commovit
311 1312 639 1377 Lacedaemoniorum
667 1315 806 1391 annuos,
832 1327 869 1377 ut
884 1313 931 1377 illi
948 1313 1119 1382 discordia·

113 1434 186 1474 rum
204 1409 294 1476 obliti
320 1411 416 1493 inque
433 1409 588 1492 lacrymas
609 1411 702 1474 effusi
722 1412 858 1475 invicem
879 1432 914 1493 se
933 1411 1120 1497 compleote-

75 1525 83 1538 '
112 1507 297 1590 rentnr.⁴²)
355 1502 441 1568 Inde'
469 1505 509 1569 ab
537 1506 593 1569 illo
621 1519 762 1590 tempore
788 1529 910 1570 summo
936 1511 970 1571 in
998 1509 1119 1574 bonore

112 1605 291 1670 habebatur
318 1600 504 1689 Terpander
534 1627 554 1666 a
579 1603 760 1688 SpartaniS,
781 1606 882 1689 quisi
904 1606 1027 1689 qnando
1048 1621 1120 1692 post

111 1702 196 1766 baeb
221 1703 378 1766 musicum
405 1703 581 1794 quempiam
608 1704 815 1787 insigniorem
843 1702 987 1764 audirent
1014 1703 1122 1768 excla-

87 1843 91 1852 ·
114 1797 261 1865 mebant:
289 1798 363 1879 μετὰ
384 1800 516 1882 Λέσβιον
539 1794 626 1879 ᾠδόν,
648 1801 737 1884 quasi
758 1801 916 1862 maximae
937 1799 1047 1864 laudes
1070 1824 1120 1864 er-

119 1911 203 1974 som,
222 1917 298 1983 quat
319 1901 440 1974 musico
461 1898 536 1959 dare
559 1910 699 1980 possent,
721 1918 793 1960 eum
812 1897 916 1960 dicere
934 1894 1121 1983 Terpaudro

118 1996 302 2060 secundeum
350 1995 425 2059 Alia
454 1996 605 2058 narratio-
622 1993 660 2053 de
689 1989 863 2062 admirabili
882 1987 1018 2056 musices
1040 1992 1122 2060 'l'er-

114 2094 231 2180 pandri
261 2096 294 2156 ui
325 2104 431 2156 exstat
456 2091 539 2175 apud
566 2087 735 2152 Boethium
760 2092 793 2180 {¹¹
820 2089 901 2153 libro
931 2090 970 2152 de
990 2095 1121 2170 musica,

115 2195 173 2278 qui
194 2213 268 2254 eum
287 2193 390 2276 ipsius¹
406 2203 472 2252 arte
494 2186 632 2251 Lesbios
652 2184 809 2271 Ionesque
831 2186 949 2250 morbis
968 2185 1121 2252 liberasse

116 2292 224 2354 tradit.

200 2386 267 2452 Iam
302 2387 454 2449 musicam
485 2404 505 2445 a
538 2378 725 2466 Terpandro
756 2379 915 2443 excultam
946 2383 1122 2446 accuratius

116 2487 355 2564 consideremus
390 2495 422 2544 et
454 2500 610 2567 quaenam
635 2478 720 2540 illius
750 2477 789 2540 de
814 2490 880 2540 arte
911 2478 1122 2544 citharoedica

117 2584 240 2647 fuerint
261 2583 373 2670 merita
403 2579 577 2641 videamus.
632 2566 771 2638 Primum
794 2575 1121 2642 animadvertendum

116 2680 209 2744 illum
230 2678 380 2764 gloriam,
406 2698 467 2760 qua
494 2676 629 2759 insignis
656 2675 727 2751 fuit,
756 2696 821 2738 non
851 2677 934 2738 inter
952 2675 1123 2760 populares

116 2799 207 2855 suos,
239 2775 296 2840 sed
323 2778 358 2838 in
377 2773 610 2857 Peloponneso,
634 2771 686 2833 ubi
709 2774 882 2834 maximam
899 2774 984 2833 vitae
1002 2787 1122 2854 partem

152 2911 1123 2939 W

189 2997 233 3055 ⁴²)
252 2988 390 3044 Plutarch.
413 2989 446 3039 de
470 3002 539 3038 mus.
563 2999 587 3034 c.
609 2982 655 3033 42.
679 2981 712 3031 de
734 2983 860 3049 proverb.
878 2981 1123 3034 Alexandrinorum

119 3075 178 3129 CX.
198 3075 233 3126 da
264 3089 328 3126 sera
354 3088 427 3123 num.
455 3069 529 3120 vind.
558 3064 602 3118 13.
627 3063 742 3116 Diodor.
767 3064 925 3130 Fragment.
945 3064 1025 3114 Tom.
1044 3064 1077 3114 11.
1097 3080 1124 3131 p.

102 3154 186 3220 1539.
213 3157 279 3208 edit.
305 3153 470 3218 wesseling.
499 3150 639 3210 (Tzetzes
654 3143 721 3197 Cbil.
750 3141 771 3206 1,
793 3145 846 3206 lo.)
872 3143 983 3196 bristid.
1004 3149 1072 3195 orat.
1090 3145 1124 3195 de

118 3237 250 3290 concord.
274 3237 307 3288 ed
336 3233 423 3286 Rbod.
449 3237 477 3284 et
501 3229 608 3281 Platon.
634 3227 667 3278 11.
694 3242 721 3294 p.
747 3222 811 3277 305.
839 3223 903 3278 311.
928 3224 1029 3278 Zenob.
1047 3227 1123 3278 Cant.

117 3335 198 3388 prov.
218 3317 245 3371 9.
271 3317 347 3370 Suid.
374 3311 505 3380 ilesycb„
533 3311 698 3378 Diogenian,
725 3325 747 3358 s.
767 3323 791 3358 v.
810 3303 889 3360 Μετὰ
910 3305 1029 3375 Λέσβιον
1044 3303 1123 3381 ᾠδόν.

118 3399 214 3455 Schol.
235 3401 270 3452 ad
287 3401 400 3451 Homer.
420 3397 519 3463 Odyss.
540 3393 585 3443 111.
605 3391 669 3444 261.
690 3406 716 3457 p.
733 3389 780 3441 99.
797 3390 863 3440 edit.
880 3387 1039 3442 Buttmann.
1049 3389 1124 3444 chri·

32 3479 36 3484 ’
117 3483 252 3535 stodorus
271 3484 299 3533 in
319 3477 428 3531 Antbol.
448 3477 547 3528 Graec.
566 3476 646 3525 Tom.
665 3473 711 3523 111.
729 3488 755 3539 p.
776 3470 839 3522 165.
858 3470 965 3523 lacobs.
982 3472 1016 3524 de
1033 3478 1126 3525 statua

16 3593 23 3600 -
118 3565 278 3632 Terpandri
297 3564 326 3614 in
343 3562 444 3614 balneo
461 3558 595 3624 Zeuxippi
617 3555 727 3606 nonrine
745 3553 884 3620 appellato
903 3553 1008 3620 posita:

191 3653 271 3722 Mtjte
288 3651 367 3726 λίπῃς
386 3647 556 3722 Ίῖρπμνδρον
578 3641 722 3718 ἐΰθρονον,
740 3631 773 3698 οὗ
789 3641 860 3710 τάχα
879 3645 963 3714 φαίης

189 3733 313 3805 ἔμπνουν,
335 3731 383 3790 οὖν
402 3732 552 3802 ἄφθογγον
570 3727 635 3781 ἰδεῖν
653 3726 769 3799 βρέτας’
789 3723 830 3789 ὡς
846 3722 903 3800 ydp
923 3722 979 3790 dior,

190 3817 340 3887 κιννμὲναις
356 3813 535 3890 πραπίδεσσιν
554 3809 677 3864 ᾰνὲπὶικε
694 3805 809 3877 aicardo
828 3807 945 3880 μολπήν,

180 3887 228 3960 ’ὥς
246 3917 312 3951 ποτε
328 3895 459 3964 δινήεντος
475 3891 524 3948 ἐπ’
541 3887 672 3964 Εὐρώταο
691 3888 780 3964 ῥοάων

190 3977 345 4051 μνστιπόλῳ
365 3975 497 4050 φόρμιγγι
520 3971 698 4046 surrupticium
714 3969 812 4025 ἀείδων

193 4055 353 4130 ἀγχεμάχων
368 4055 517 4124 καινότητας
529 4052 697 4134 Ἀμυνλαίων
712 4049 853 4124 ναετήρων.

853 4127 926 4199 Κ2
