2734 4676
154 357 159 370 '
281 311 413 431 tro*
684 375 884 395 ···········

150 573 155 610 ,ι
282 553 528 614 commemorata
551 539 701 604 dicamus
722 563 725 570 ·
748 533 791 601 Is·
811 547 928 622 nempe
950 523 986 601 ih
1004 535 1087 604 libro
1107 535 1149 602 de
1168 538 1287 600 veteri-

281 644 341 710 bus
361 639 464 730 poetis
483 651 518 704 at
536 639 667 702 musicis
687 629 923 698 demonstralse
944 635 1042 698 fertur
1060 629 1290 720 Terpandrnm

281 742 490 828 antiquiorem
514 736 615 800 fuisse
638 729 847 797 Archilocho·
874 728 1086 815 Πρισβύτιρον
1112 729 1291 815 aaronita

281 833 444 922 xrlbxov'
425 835 585 914 coenulvo
613 821 766 894 Γλαῦκος
786 825 853 904 bd}
873 825 1002 899 Ἰταλίας
1028 831 1073 892 ait
1098 827 1292 893 Plutarchus

277 937 333 1002 ‘de
343 952 424 998 mus
446 953 473 995 o.
493 928 523 996 lt.
546 943 578 994 et
595 927 702 1016 paullo
724 939 797 1013 post
814 926 856 1010 (c.
878 925 921 1010 5.)
941 923 1014 1006 μετὰ
1032 921 1065 986 δὲ
1088 919 1293 1012 Τέρπανδρόν

284 1028 351 1098 και.
365 1025 490 1092 Κλονᾶν
515 1024 689 1116 Ἀρχίλοχος
717 1019 920 1106 πὰοαδίδοται
946 1021 1093 1098 γενέσθαι.
1141 1023 1293 1088 Archilo-

284 1130 373 1208 chus,
391 1116 558 1193 Herodoto
577 1138 670 1202 teste,
692 1123 776 1186 vir'tit
795 1131 898 1184 aerata
918 1119 1031 1206 Gygis,
1052 1123 1120 1207 qui
1115 1119 1165 1186 ab
1179 1121 1295 1205 Olym·

195 1223 211 1250 ’“
285 1227 379 1314 piade
395 1226 522 1289 decima
541 1218 637 1286 tertia
653 1240 754 1326 usque
773 1219 816 1298 ad
833 1219 1017 1282 vicesimam
1036 1221 1162 1284 tertiam
1180 1219 1294 1301 Lydo-

284 1327 354 1390 rulu
382 1322 556 1389 obtinuit
546 1319 723 1408 nuperium'.
779 1313 884 1380 Valde
916 1317 1013 1400 igitur
1042 1315 1085 1396 ab
1111 1314 1294 1390 Hellauico,
1354 1373 1355 1378 ,

143 1495 147 1512 ,
285 1420 426 1490 Eusebio
444 1431 497 1483 met
515 1415 678 1482 Marmore
710 1413 806 1478 Pario
833 1412 989 1497 discrepat
1018 1411 1158 1476 Glaucus
1182 1409 1293 1488 Italae,

172 1564 189 1597 ,.
286 1521 376 1584 cuius
394 1517 583 1580 sententiam
601 1510 788 1583 Doddellus
808 1507 873 1572 ιι.
878 1512 996 1595 pariter
1018 1523 1111 1598 atque
1133 1509 1295 1574 Hellanici

285 1617 499 1680 narrationem
537 1633 556 1675 e
592 1607 756 1674 Clemente
788 1605 1008 1694 Alexandrino
1041 1625 1137 1694 supra
1165 1606 1295 1670 allatam
1354 1611 1355 1648 ³

286 1714 414 1776 nonnisi
450 1708 489 1771 de
522 1706 621 1770 natali
653 1702 834 1790 Terpandri
859 1724 978 1768 veram
1012 1723 1092 1769 esse
1121 1707 1295 1768 existimat.

286 1809 354 1875 Nos
382 1806 497 1870 Glauci
522 1817 555 1867 et
580 1800 742 1867 Hellanici
766 1803 941 1864 sententias
969 1802 1054 1866 inter
1074 1824 1111 1867 se
1132 1801 1294 1866 conciliari

287 1925 352 1969 non
372 1923 478 1989 poss,e
499 1900 556 1964 red
571 1899 708 1962 ‘alteram
725 1893 984 1982 amplectendam,
996 1898 1129 1966 alteram
1147 1901 1294 1965 reiicien-

287 2001 361 2066 dam
380 1998 556 2065 statuimus.
600 1995 715 2062 Glauci
735 1995 951 2058 narrationem
972 2017 1012 2059 eo
1029 1998 1139 2060 minus
1156 1995 1294 2082 proban·

283 2101 361 2176 ,dam
378 2095 577 2180 arbitramur,
596 2114 658 2186 quo
674 2095 777 2177 magis
806 2095 845 2155 ei·
860 2091 1045 2158 adversatur
1062 2093 1205 2161 Phanias
1219 2093 1294 2156 Ere·

287 2199 366 2274 sius,
394 2196 448 2286 qui
477 2194 561 2281 apud
592 2192 747 2257 Clement.
774 2187 871 2252 Alex.
896 2188 1014 2255 Strom.
1038 2189 1117 2280 Ι..)
1139 2191 1213 2256 398.
1232 2191 1294 2253 Le·

151 2359 155 2366 ,
288 2293 386 2357 schen
413 2302 487 2354 ante
510 2288 697 2376 Terpandri
723 2297 859 2349 aetatem
878 2306 1002 2372 ponens
1025 2285 1220 2354 Archilocho
1240 2309 1293 2371 po·

182 2383 214 2474 χι
288 2392 454 2454 steriorem
479 2386 624 2473 perhibet
644 2375 874 2470 Terpandrum‘.

90 2565 98 2574 .
151 2483 154 2500 “
372 2485 425 2549 De
453 2485 575 2572 reliqua
598 2480 777 2595 Terpan‘dri
799 2482 863 2544 vita
884 2478 990 2544 nihil
984 2489 1180 2568 'compertum
1199 2479 1293 2544 habe-

125 2603 148 2676 t·
174 2593 180 2603 ’
241 2634 244 2640 .
289 2602 361 2646 mus
381 2593 510 2667 praeter
534 2577 743 2666 paucissima,
770 2578 810 2640 ad
835 2592 937 2642 artem
963 2602 1026 2666 qua
1050 2579 1200 2648 inclaruit
1226 2601 1354 2664 spe-
1353 2583 1354 2610 ³

273 2680 418 2742 'etantia
466 2677 587 2741 Eum
577 2697 611 2740 ιιι
640 2672 839 2741 Carneomm
867 2679 1058 2754 certamino,
1084 2698 1160 2763 quae
1178 2677 1257 2738 inde
1278 2699 1299 2738 a
1353 2643 1354 2750 l

290 2777 442 2839 vicesima
471 2785 565 2838 sexta
593 2770 813 2856 Olympiade
803 2792 838 2833 ιιι
856 2771 1011 2838 honorem
1030 2773 1187 2858 Apollinis
1197 2775 1300 2856 ch

290 2875 369 2935 νειου
395 2868 645 2945 celebrabantur,
666 2871 802 2953 primum
823 2872 963 2954 emulum
985 2873 1136 2935 victorem
1157 2873 1298 2938 evasisse

245 3037 252 3049 Ι
291 2981 476 3034 narraverat
501 2965 687 3032 Hellanicus
713 2979 779 3030 tum
801 2969 940 3032 cannino
965 2968 1021 3032 illo
1051 2990 1114 3056 quo
1135 2971 1300 3053 Καριιοιι·

290 3089 346 3140 noc
375 3066 407 3130 h.
432 3064 684 3134 acarnanum
711 3066 849 3129 victores
868 3067 1037 3144 recensuit,
1066 3079 1133 3130 tum
1152 3069 1188 3132 in
1206 3087 1300 3153 opere

293 3166 437 3229 oratione
467 3161 572 3227 solnta
599 3162 638 3226 de
665 3160 777 3224 eadem
797 3183 833 3225 re
854 3165 1044 3256 conscripto.
1051 3161 1103 3247 ³⁹)
1145 3159 1300 3228 Euntddm

178 3321 181 3330 ,
293 3262 404 3348 quater
431 3259 581 3345 deinceps
608 3257 723 3341 Pythia
753 3261 870 3323 vicisse
890 3247 974 3350 apud
994 3260 1202 3325 Plutarchum
1223 3260 1300 3345 legi-

293 3355 435 3442 mus,⁴⁰)
458 3378 561 3453 neque
578 3356 612 3420 id
630 3355 694 3420 illis
715 3364 796 3442 quae
818 3355 857 3419 de
879 3354 1059 3446 'l'erpandri
1079 3371 1186 3432 aetate
1210 3371 1300 3423 antea

100 3528 102 3536 Α
174 3444 177 3452 ’
292 3437 484 3546 protulimus
507 3465 674 3540 repugnat.
722 3453 817 3520 Licet
844 3457 929 3519 enim
954 3455 1165 3539 Pythiades
1157 3457 1235 3520 inde
1262 3451 1300 3518 ab

204 3547 209 3557 ’
296 3549 422 3636 Olymp.
457 3547 611 3627 XLVIII,
642 3549 673 3613 3.
719 3564 900 3616 numeratas
942 3573 1012 3617 esse
1052 3555 1302 3618 demonstratum
1350 3573 1353 3642 p

16 3643 18 3650 ’
295 3646 398 3738 sit⁴¹)
427 3659 531 3734 tamen
560 3649 623 3714 diu
645 3660 718 3712 aute
745 3646 825 3710 Illud
850 3661 972 3735 tempus
1002 3649 1205 3716 citharoedos
1224 3649 1304 3714 Del·

240 3773 242 3780 '
369 3781 414 3851 5ι)
433 3785 531 3839 Athen.
550 3759 687 3850 xrv,
642 3803 670 3856 p.
688 3787 805 3843 cauma
877 3853 884 3860 Ι

364 3879 561 3944 ⁴⁴)Domua.
580 3879 649 3933 ad.

296 4053 355 4107 zm
363 3971 647 4036 )⁴¹ABoeoIrhio
637 3989 667 4025 ιιι
693 3971 844 4043 Explicatt.
864 3974 900 4028 ad
933 3975 1043 4032 Pindar.
1068 3978 1183 4050 Olymp.
1198 3977 1262 4036 xu.
1280 3995 1307 4049 p

373 4067 432 4122 ΜΝ·
505 4083 510 4098 ·
