2746 4670
378 298 446 315 “”
529 313 730 332 ·-··········
1065 281 1129 354 iol

117 485 197 539 cum
226 460 358 528 ΙἸἸιιιιιιιι
380 461 519 544 Lydiato
551 467 583 526 in
614 483 654 528 eo
682 461 839 529 Chronici
861 465 949 531 Parii
974 469 1063 549 loco,
1088 471 1129 536 de

115 582 201 649 quo.
231 572 325 624 antea
341 581 457 628 ,senno
482 559 584 624 factus
610 573 671 638 est,
706 553 1162 630 ranunculorum!

119 655 701 721 ΜΟΤΔΙΚΗΝΜΕΤΕΣΤΗΣΕΝ
729 660 909 740 ponendum
956 683 1028 726 esse
1063 662 1126 728 sibi
1182 733 1186 742 ,

121 756 310 838 persuasum
322 752 456 833 habens,
469 754 510 818 ad
522 752 610 818 litem
629 755 664 818 in
686 750 906 840 Terpandrnrn
923 779 952 823 a·
961 759 1125 834 lacedae-

122 855 241 918 moniis
264 850 385 916 illatam
409 854 526 936 respici
551 850 748 926 arbitratum:
764 851 1124 939 'l'erpandrom‚··maxi.

123 971 179 1014 mo
196 963 320 1032 semper
336 948 457 1016 honore
478 963 633 1025 ornatum,
650 962 778 1032 propter
795 949 897 1035 lyram
907 954 1032 1042 legibus
1050 976 1125 1018 aan-

35 1037 47 1047 “
120 1047 387 1134 cenantemque
407 1049 443 1111 in
459 1069 520 1110 nan
541 1045 681 1110 habitam
703 1043 876 1130 Spartanos
897 1052 1053 1135 supplicio
1064 1073 1123 1116 nn-

115 1167 218 1230 qnam
238 1145 386 1210 affecisse
406 1147 533 1209 omnino
553 1156 660 1229 negat.
710 1143 850 1211 Anchis
871 1168 954 1212 vero
970 1147 1125 1213 Chronie'i

113 1241 209 1307 Parii
223 1241 296 1306 loco
316 1263 446 1308 sensum
464 1245 571 1304 inesse
592 1241 685 1324 plane
707 1243 865 1310 diversum
884 1243 925 1307 ab
947 1265 998 1321 eo„
1031 1265 1123 1330 quern

116 1338 205 1406 falsa
227 1341 411 1404 coniectura
434 1339 540 1403 intulit
565 1339 740 1421 Lydiatns,
759 1360 855 1423 supra
876 1342 1123 1406 demonstratum

60 1507 63 1513 ¹
116 1449 181 1512 eat,
200 1449 236 1498 nt
252 1435 348 1518 loona¹
363 1436 417 1500 ille
436 1460 506 1501 cnm
523 1436 684 1501 Plutarchi
709 1441 890 1504 narratione
917 1439 1122 1504 nullomodo

114 1520 428 1620 comparari-possit,
455 1557 535 1621 quae
556 1547 661 1598 utrum
680 1555 756 1598 vera
778 1535 829 1611 sit,
847 1555 888 1597 an
909 1534 1121 1611 nonpdiiudi-

113 1643 193 1694 catn
211 1629 340 1696 difficile
358 1646 417 1695 est.
458 1632 575 1696 Parum
588 1651 666 1694 sane
684 1630 855 1696 verisimile
874 1633 1005 1696 ridetur·
1019 1631 1122 1714 Tarp-

80 1771 82 1777 1
118 1729 265 1806 andrum,
288 1731 379 1794 cuins
409 1728 509 1812 lyram
534 1741 654 1811 reptem
681 1728 808 1795 chordis
826 1733 1012 1794 instructam
1032 1715 1120 1791 tanto

118 1826 156 1890 in
177 1825 297 1892 honore
330 1826 490 1891 habehant
519 1822 786 1905 Lacedaemonii,
811 1842 847 1892 nt
871 1831 906 1892 in
930 1825 1121 1910 Phrynident

119 1936 153 1986 et
172 1920 376 1989 Timotheum
395 1927 448 2013 qui
467 1944 569 1988 novos
586 1923 633 1988 illi
651 1925 838 1988 addiderunt
855 1946 971 1990 nervos
980 1922 1121 1989 animad-

70 2028 77 2032 ’
116 2034 290 2100 verterent,
316 2045 454 2111 unquam
479 2021 663 2086 mulctatum
690 2021 802 2097 fuisse,
825 2025 889 2089 nisi
907 2023 990 2086 forte
1007 2021 1121 2107 aliquis

115 2115 280 2194 Plutarchi
315 2123 529 2184 narrationem
563 2120 611 2181 sio
639 2117 809 2182 defendere
837 2118 931 2198 velit,
964 2133 999 2182 ut
1027 2119 1120 2193 dicat,

116 2215 292 2299 Spartanos
316 2220 416 2302 primo
443 2217 569 2303 quidem
594 2224 714 2296 po'enas
740 2220 891 2280 sumsisse
917 2217 956 2280 de
974 2214 1120 2296 Terpan-

117 2319 177 2381 dro
203 2313 364 2414 lyramque
391 2317 460 2388 eius
484 2335 574 2378 muro
604 2312 701 2375 clavis
727 2313 881 2392 affixisse,
910 2314 1023 2377 deinde
1041 2333 1118 2373 vero
1193 2325 1197 2331 “

115 2414 277 2475 sententia
294 2427 415 2476 mutata
437 2411 584 2474 mulctam
612 2409 658 2472 illi
678 2413 851 2496 irrogatam
872 2412 1024 2495 praemio
1033 2431 1118 2471 com-

115 2529 269 2604 pensasse
295 2511 510 2594 citharamque
539 2507 665 2571 solenni
684 2509 810 2571 decreto
831 2510 983 2572 sancitam
1002 2509 1036 2570 in
1057 2529 1118 2570 usu

113 2619 268 2690 perpetuo
294 2606 456 2672 habuisse.
505 2591 660 2691 Equidem
680 2619 786 2670 tamen
806 2605 891 2671 haud
911 2606 1042 2670 inultum
1063 2605 1118 2666 tri·

113 2703 181 2767 b'uo
200 2703 273 2767 huic
301 2708 428 2769 rationi.
475 2705 621 2767 Maxime
642 2718 746 2767 autent
768 2707 801 2767 in
825 2728 863 2769 eo
885 2705 1014 2779 haereo,
1035 2702 1118 2790 qnod

116 2799 241 2863 deuna
264 2798 386 2868 vchorda
408 2805 565 2885 primitivo
586 2822 756 2864 nervorum
778 2802 908 2862 numero
936 2797 1119 2896 eTerpan-

114 2873 173 2960 dro
191 2898 299 2964 addita
310 2901 427 2964 scribit
444 2897 641 2964 Plutarchus
682 2895 763 2960 Nam
785 2918 849 2959 non
872 2917 969 2960 unam
988 2891 1118 2972 tantum,

111 2997 171 3062 scd
199 3011 264 3060 tres
285 2998 420 3065 chordas
439 3007 587 3084 quattuor
605 2996 756 3077 pristinae
772 2993 860 3076 lyrae
880 2996 986 3089 nervis
1007 2993 1118 3055 adiun-

107 3099 203 3160 xisse
233 3093 454 3180 Terpandrurn
480 3106 565 3158 certo
595 3103 726 3157 constat.
777 3087 869 3164 Quae
889 3091 960 3153 cu'm
979 3093 1025 3153 ita
1043 3093 1117 3166 sint,

111 3217 175 3280 ego
198 3198 412 3263 narrationem
430 3193 661 3264 Plutarchi“1m‚
679 3209 760 3273 quae
782 3213 802 3252 a
822 3190 949 3252 ceteris
957 3189 1115 3269 scriptori-

111 3293 173 3357 hus
207 3294 408 3375 proferuntur
438 3310 577 3375 unquam
608 3286 812 3371 probabiliter
841 3286 1086 3350 conciliatum
1077 3288 1117 3370 ιιίΙ

107 3392 316 3456 vehementer
336 3388 479 3454 dubitet
489 3388 517 3469 ⁴)

195 3473 263 3540 Iam
290 3475 446 3561 quomodo
473 3439 720 3555 heptachordum
750 3466 928 3552 Terpandri
956 3489 1119 3552 compara-

180 3609 224 3668 ⁴⁴)
245 3607 286 3658 Ad
305 3622 363 3657 rem
384 3621 401 3657 a
418 3601 568 3656 Plutarcho
589 3605 770 3652 memoratam
788 3598 927 3667 respicere
948 3601 1118 3650 arbitrantur

39 3704 42 3710 “
80 3687 285 3754 ,Athenaeum
312 3688 359 3740 lib.
378 3687 451 3749 XIV,
477 3703 503 3754 p.
527 3681 592 3738 628.
610 3683 643 3733 B.
667 3676 884 3748 Λακεδαιμόνιοι
908 3677 946 3743 δι’,
967 3681 1079 3748 inquit,¹
1092 3673 1116 3729 ai

106 3769 158 3838 μὲν
176 3765 333 3839 ἐμάιθανιν
352 3765 399 3835 τὴν
415 3765 554 3838 μουσικὴν
548 3760 646 3822 οὐδὲν
661 3756 822 3831 λέγουσιν(ν
807 3781 848 3816 ott
864 3759 894 3815 δὲ
913 3756 1117 3832 κρίνεινὸύναν-

106 3861 155 3904 tou
171 3852 255 3912 καλῶς
275 3847 322 3918 τὴν
342 3850 432 3918 τέχνην
450 3847 619 3919 ομολογιῖται
643 3838 711 3921 παρ’
733 3837 827 3900 αὐτῶν.
846 3844 892 3897 καί
910 3859 979 3910 φασι
995 3836 1051 3910 τρῖς
1065 3837 1115 3906 ἤδη

9 3923 11 3934 ’
109 3932 256 3987 σεσωκέναι
273 3930 502 4004 διαφθειρομένην
520 3925 611 3994 αὐτήν.
640 3927 688 3980 Sto
697 3941 769 3978 emm
785 3929 920 3988 statuunt,
939 3939 1057 3991 pnmum
1069 3939 1114 3975 eo

108 4031 180 4078 rum,
202 4017 248 4083 qui
268 4015 304 4068 ob
326 4023 482 4083 corruptam
502 4012 635 4066 musicam
654 4007 789 4076 supplicio
805 4007 899 4062 affecti
917 4006 981 4067 sint,
993 4006 1114 4074 Terpan

110 4097 191 4156 tirum
209 4112 281 4160 esse,
300 4098 450 4152 seeundum
467 4093 661 4164 rhrynidem,
667 4091 780 4145 tertium
799 4086 983 4142 Timotheum.
