2746 4670
488 343 689 364 m

75 500 131 584 gis
158 497 290 583 egregie
314 497 348 559 in
367 506 563 580 ,argomento
587 513 647 557 sno
675 493 840 558 tractando
871 505 1015 559 versatus
1042 509 1093 562 est

76 591 276 661 Welckerns
311 606 343 656 et
369 615 431 680 quo
459 591 582 656 felicius
604 611 701 670 eos,·
718 589 904 676 quibuscum
936 595 998 676 ipsi
1032 613 1092 677 pu·¹

75 689 242 779 gnandnm
266 689 343 767 fuit,
372 691 538 765 refutavit,
570 679 610 750 eo
641 689 744 770 magis
769 687 951 774 miraberis,
979 703 1045 754 trun
1071 714 1092 754 a

75 790 322 876 praeteritorum
345 800 538 869 temporum,
563 797 631 848 tum
658 797 786 847 nostrae
815 789 929 850 aetatis
954 787 1091 852 homini·
1125 820 1129 833 ι

75 887 286 972 hostiisque
316 904 381 948 non
400 883 554 959 indoctis,
582 894 646 968 tam
664 900 832 963 perversas
855 897 887 946 et
898 887 1029 968 ineptas
1050 885 1089 949 de

76 981 253 1068 Sapphone
282 979 422 1066 prolatas
455 1001 527 1044 esse
570 975 754 1043 sententias.
811 980 1009 1063 Sperandum
1041 998 1090 1048 ta-

76 1104 153 1146 men
180 1081 267 1154 iore,
303 1091 340 1142 nt
372 1080 426 1165 qni
458 1075 561 1140 adhuc
587 1096 704 1160 pravae
730 1075 778 1141 illi
801 1077 997 1144 adhaereant
1021 1085 1090 1164 opi·

77 1179 170 1243 nioni
191 1173 357 1240 Welclreri
386 1174 527 1239 libellum
552 1172 754 1258 perlegentes
783 1174 917 1239 meliora
951 1197 987 1240 se
1012 1181 1090 1243 edo-

77 1278 145 1340 ceri
171 1275 348 1356 patiantur,
377 1271 661 1358 confidendumqne
691 1274 850 1336 neminem
877 1273 1012 1356 amplius
1038 1262 1118 1342 fri-'¹

78 1387 201 1448 turum,
227 1374 281 1457 qui
307 1373 342 1434 in
363 1384 503 1434 veterem
525 1371 722 1434 errorem'se
743 1368 899 1452 immineri
919 1374 1013 1437 sinat.

162 1467 342 1549 Principem
367 1488 512 1531 caussam
536 1466 612 1548 mali
634 1469 777 1532 rumoris·
797 1473 833 1533 in
859 1492 951 1556 quem
974 1491 1087 1554 perve-

64 1555 129 1630 'nit
161 1562 292 1648 Sappho
320 1563 459 1629 Atticam
495 1566 691 1629 comoediam
714 1564 860 1648 perhibet
883 1565 1088 1658 Welckernq.

76 1664 272 1746 Saepissime
299 1660 550 1726 Atheniensibus
571 1661 775 1758 deu'dendaqn
803 1667 1003 1748 propinatam
1035 1691 1088 1752 es-

76 1785 115 1826 se
157 1762 312 1843 poetriam
351 1782 395 1824 ex
431 1758 600 1824 Athenaeo
643 1763 784 1825 maxime
825 1776 987 1844 apparet..
1034 1757 1087 1831 Ad

33 1879 38 1882 ·
76 1859 239 1944 antiquam
283 1857 480 1921 comoediam
518 1857 603 1943 quod
643 1860 772 1934 attinet,
813 1857 1018 1942 Sapphonem
1052 1866 1086 1925 in

19 1961 32 2040 ἰ
77 1977 207 2022 scenam
252 1955 498 2018 introduxerunt
530 1954 641 2031 Plato,
682 1951 830 2017 Cratinus
871 1969 904 2019 et
941 1956 1087 2041 Amphis.

76 2053 178 2117 Porro
201 2050 337 2115 ¹fabulas
379 2048 560 2134 sapphonis
594 2053 723 2114 nonrine
759 2052 928 2135 insignitas
964 2040 1086 2120 'docue-

40 2161 43 2167 ⁴
75 2161 151 2215 runt
181 2149 362 2232 Ephippus,
405 2147 623 2231 Antiphanes,
660 2147 821 2212 Timccles
849 2139 894 2214 'et
924 2147 1085 2234 Diphilus,

76 2269 211 2336 quorum
238 2248 300 2310 duo
318 2249 451 2330 ‘priores
471 2247 511 2310 ad
533 2248 667 2324 mediae,
694 2250 888 2330 posteriores
914 2249 955 2312 ad
982 2272 1086 2319 novae

77 2345 262 2412 comoediae
280 2348 451 2427 scriptores
467 2344 626 2413 referendi
654 2359 738 2408 sunt.
761 2343 811 2428 ⁸⁷)

159 2441 228 2506 Iam
253 2443 293 2506 de
316 2443 465 2524 picturis,
493 2447 605 2507 statuis
633 2455 665 2505 et
684 2447 851 2520 nummis,¹
866 2443 979 2531 quibus
1004 2445 1085 2531 Sap-

7 2597 11 2611 ,
75 2539 161 2626 phus
188 2541 358 2626 imaginem
388 2543 586 2623 expressisse
616 2541 763 2605 ‹iicumur
790 2553 915 2606 veteres
947 2545 1099 2611 artifices

74 2641 188 2722 paucis
214 2659 424 2721 exponamus.
474 2640 527 2706 Ad
553 2642 694 2722 picturas
720 2652 904 2727 statuasque
929 2646 1014 2730 qnod
1038 2659 1084 2709 at-

77 2738 166 2813 tinet,
193 2733 298 2799 nulla'
313 2760 440 2816 earum,
472 2758 550 2824 quas
579 2751 827 2800 commemorant
859 2742 980 2825 antiqui
1008 2747 1086 2804 scri-

78 2846 199 2916 ptores,
229 2851 324 2899 veros
350 2847 384 2898 et
409 2837 567 2919 genuinos
592 2835 735 2915 poetriae
764 2833 871 2898 vultus
898 2855 1085 2918 repraesen-

75 2941 160 2998 tasse
187 2931 401 2995 existimanda
429 2941 489 2994 est.
540 2929 594 3016 Sic
620 2931 733 3012 potius,
745 2932 962 3009 statuendum,
985 2937 1085 3017 picto-

74 3047 128 3090 res
164 3041 197 3091 et
228 3031 397 3092 statuarios
430 3026 544 3091 faciem
572 3028 703 3112 ingenio
740 3025 847 3091 fictam
886 3035 1085 3114 expressisse

72 3125 109 3187 in
123 3121 268 3188 artificiis
289 3129 366 3190 suis.
399 3123 595 3207 Depinxisse
615 3124 748 3188 traditur
765 3127 920 3207 poetriam
936 3128 1020 3215 Leo,
1034 3125 1084 3211 ⁸⁸)

72 3235 212 3288 statuam
240 3227 311 3287 eius
343 3244 386 3286 ex
412 3244 487 3285 aere
517 3219 688 3310 fabricatus
723 3243 794 3285 esse
826 3238 971 3288 narratur
1001 3224 1084 3288 Sila-

72 3323 163 3384 nion.
187 3317 237 3404 ⁸⁹)
293 3319 345 3384 De
384 3332 489 3383 statua
526 3318 581 3382 ilia
613 3318 751 3406 loquitur
785 3319 899 3386 Cicero
935 3324 971 3386 in
1001 3320 1085 3384 V'er·
1177 3371 1184 3378 .

70 3440 141 3485 rem
163 3415 230 3495 IV,
253 3415 303 3488 57.
346 3417 432 3482 Nam
453 3414 604 3500 Sappho,
635 3439 718 3501 qnae
750 3417 878 3482 sublato
907 3418 947 3482 de
965 3417 1084 3502 Pryta·
1166 3491 1168 3500 Ι

71 3537 134 3582 tteo
157 3525 217 3596 est,
239 3518 299 3582 dat
320 3515 513 3581 tristantem
533 3521 791 3593 excusationem,
811 3537 921 3601 prope
947 3524 987 3581 ttt
1010 3539 1084 3580 con·
1141 3515 1144 3522 '

142 3811 156 3844 ⁸
162 3811 186 3874 ⁷)
208 3809 249 3863 Cf.
265 3809 397 3863 Welcker
413 3825 444 3877 p.
461 3806 497 3860 87
517 3824 576 3878 sqq.

143 3902 187 3966 ⁸¹)
204 3903 273 3955 rna.
292 3903 328 3954 Η.
349 3903 383 3954 n.
400 3901 529 3967 xxxv„
548 3919 572 3955 c.
586 3903 631 3954 2.·

143 3997 188 4059 ι9)
208 3997 321 4051 Tatian.
340 3982 378 4050 ad
394 3987 493 4051 Grdec.
511 4011 535 4050 c.
554 3994 599 4052 52.
620 4011 646 4070 p.
670 3991 732 4051 113.
749 3995 815 4048 edit.
833 3995 920 4047 oxon.
