2734 4676
468 361 670 382 ---
1030 326 1078 399 95

63 519 156 602 berb
169 513 251 580 nent
280 514 489 591 vidden-'ient
520 509 900 597 antootymp.xxv1‚
927 517 989 580 etsi
1014 534 1081 581 non

63 614 253 702 longinquis
274 601 455 692 itineribus,
479 631 567 675 mare
593 622 733 678 tentasse
753 611 980 698 Mytilenaeas.
1019 609 1083 678 Ur-

64 716 159 780 bium
176 723 274 788 uerte,
293 727 381 796 quas
400 711 484 773 eirea
510 707 599 772 Idam
627 725 767 776 montem
792 715 870 777 sitas
892 735 912 776 a
932 709 1083 796 Cymaeis

68 807 201 878 Lesbiis
220 829 262 870 ue
291 808 481 884 eonstitntas
502 807 578 870 dieit
604 800 737 886 Strabo,
763 809 938 893 permultae
971 806 1083 891 Olym·

50 908 171 993 'piade
254 901 312 968 vi.
334 905 529 990 antiquiores
548 917 632 968 sant.
676 903 812 981 Quando
833 909 959 974 Aenum
979 905 1085 970 'l’bra-

75 1001 275 1070 tenentem
298 1013 370 1068 tnta
401 1001 523 1066 colonis
545 1004 766 1088 navigaverint
783 1001 972 1090 Mytilenaei
990 1008 1085 1092 ignu-

12 1173 18 1198 .
72 1107 139 1167 rnr'·
163 1097 288 1166 Lotum
305 1099 442 1177 Aeliani,
466 1119 528 1185 qao
548 1103 721 1166 maritimas
742 1099 1010 1194 Mytilenaeorum
1028 1123 1084 1165 eo-
1139 1158 1142 1166 ,

71 1202 146 1286 pias
171 1209 406 1273 commemorat,
432 1207 528 1260 antea
563 1198 737 1266 attulimus.
795 1197 932 1263 Milesiis
966 1191 1085 1263 Mdnrn
1171 1225 1173 1229 ·
1261 1197 1267 1206 ’

20 1335 24 1338 -
74 1317 153 1362 uam
169 1295 337 1379 Pulyerate
365 1293 473 1358 Sentio
496 1296 679 1381 gerentibus
698 1293 898 1390 παίστρατιῇ,
917 1295 1084 1361 Herodoto

75 1403 170 1473 teste,
190 1392 316 1476 auxilio
333 1391 466 1476 proleeti
482 1407 558 1456 snat
574 1393 696 1458 Lesbii.
710 1395 760 1480 ¹⁸)
803 1393 899 1462 Circa
917 1393 997 1458 liaeo
1014 1381 1087 1476 ipsa

5 1489 7 1492 ’
77 1487 221 1577 ternpore
244 1477 365 1556 erebiis
391 1490 562 1554 itineribus
587 1493 623 1553 in
661 1493 842 1578 Aegyptum
874 1501 1088 1574 pervenerunt

76 1589 279 1674 Mytilenaei,
308 1608 401 1676 qnam
430 1589 564 1685 adrem
590 1591 696 1652 statim
718 1588 900 1654 redibimus.
950 1585 1088 1670 Camby‘·

70 1704 148 1754 xnarn
161 1701 241 1752 enm
259 1689 294 1749 in
311 1687 492 1771 Aegyptum
507 1688 706 1766 invasionem
723 1687 843 1752 laceret
859 1673 995 1750 navibus
1013 1684 1088 1767 My·
1109 1680 1114 1686 ’
1174 1665 1195 1686 ‹.

78 1787 228 1857 tilenseis
257 1787 443 1848 instruerem
475 1784 575 1848 fnisse
610 1805 655 1848 ex
692 1784 857 1849 Herodoto
891 1773 1090 1869 'comprobari

5 1907 8 1924 .
80 1879 262 1970 potest-¹³)
311 1879 411 1945 Dario
440 1881 609 1966 Hystaspis
634 1882 702 1947 filio
721 1895 876 1969 regnante
895 1881 1017 1946 Otanes
1035 1901 1089 1944 eo·

11 2026 16 2044 ,
82 1984 207 2066 ptam
231 1975 456 2044 maritimarum
482 1982 660 2062 praefectus
689 1983 826 2064 acceptis
845 2003 865 2042 a
886 1979 1014 2044 Lesbiis
1033 2000 1090 2041 na·

7 2149 9 2152 ,
79 2078 174 2144 aare
199 2078 359 2145 manum
384 2090 478 2164 atque
493 2076 643 2140 ⁴imbrum
668 2075 907 2160 occupavit.¹‘¹)
949 2073 1091 2158 Expedi·

62 2179 165 2241 ‘nont
185 2174 225 2238 ab
246 2174 433 2262 Aristagora
455 2189 487 2238 et
506 2173 680 2260 Megabate
708 2186 818 2237 eontra
836 2167 966 2237 Naxum
984 2193 1092 2235 susee-

82 2287 160 2360 ptae
174 2253 259 2336 duee
286 2269 356 2337 Coe
381 2274 591 2338 interfuerunt
610 2271 799 2354 Mytilenaei
826 2282 858 2333 et
879 2269 919 2332 ad
938 2267 1093 2350 proelium

82 2371 169 2455 apud
190 2372 312 2436 Ledam
331 2371 469 2434 insolam
490 2372 604 2434 factam
623 2389 722 2432 naves
741 2369 943 2452 septuaginta
963 2385 1007 2428 ex
1027 2366 1093 2428 Lo-

81 2461 144 2535 sbd
169 2473 287 2533 missae
314 2482 399 2532 sunt
411 2470 419 2503 ¹
432 2467 460 2553 ⁵)
502 2470 648 2533 Histiaeo
667 2481 740 2552 post
759 2468 963 2551 Aristagorae
983 2483 1094 2526 neeem

81 2568 173 2652 tuga
186 2570 221 2630 in
242 2564 377 2630 Lesbum
403 2566 509 2631 delato
543 2569 687 2648 triremes
712 2579 783 2630 octo
818 2564 1095 2628 subministrarunt

12 2682 14 2690 “
85 2661 288 2748 Mytilenaei,
305 2664 421 2751 quibus
441 2665 494 2729 ille
515 2667 555 2730 ad
576 2687 675 2730 naves
696 2687 713 2728 o
736 2663 839 2726 Ponto
861 2665 1027 2724 venientes
1044 2661 1093 2722 in·

86 2761 300 2844 tereipientlas
324 2785 402 2826 usus
430 2764 548 2848 est.¹⁶)
597 2761 706 2828 Xerxi
725 2759 963 2842 expeditionem
983 2757 1095 2826 adver·

89 2877 147 2922 sus
174 2857 342 2922 Graeciam
365 2863 504 2943 paranti
518 2859 631 2924 Lesbii
661 2861 820 2944 ceterique
842 2855 964 2923 Aeules*
982 2873 1096 2921 seeun-

57 3035 63 3049 Ι
93 2957 169 3020 dam
197 2955 336 3021 Diodori
351 2973 353 2980 “
368 2962 582 3022 narrationem
615 2957 824 3043 quadraginta
856 2972 956 3016 naves
975 2947 1097 3013 auxilio

85 3056 264 3130 miseram
291 3055 457 3120 Herodoto
484 3070 576 3133 teste,
604 3049 847 3140 sexaginta.¹⁷)
893 3047 977 3114 Belli
1003 3046 1098 3113 Pelo·

84 3156 279 3235 pennesiaoi
303 3165 444 3238 tempore
471 3152 591 3242 viribus
617 3151 783 3217 navalibus
815 3151 955 3214 maxime
981 3145 1098 3209 florue-

84 3263 170 3312 rant
193 3249 318 3332 Lesbii,
346 3256 534 3336 praesertim
568 3249 768 3338 Mytilenaei.
815 3247 902 3316 Hine
928 3244 1029 3333 logan
1053 3253 1099 3309 ex

37 3567 41 3576 '
102 3595 105 3602 ·
167 3575 209 3637 ¹²)
224 3575 359 3636 Herodot.
382 3575 428 3639 lll,
449 3574 494 3629 39.

166 3667 208 3730 ¹³)
226 3669 290 3722 Lib.
308 3668 355 3731 lll,
377 3666 422 3720 13.
443 3667 488 3721 14.

169 3757 218 3826 ¹⁴)
234 3760 368 3814 Herodot,
387 3757 423 3822 V,
442 3758 490 3812 26.

169 3852 212 3914 ¹⁸)
232 3853 368 3906 llerodot.
387 3851 434 3915 Vl,
459 3853 485 3906 8.

170 3945 213 4006 ¹9)
230 3945 366 3999 Herodot.
384 3945 439 4009 Vl,
452 3935 492 3998 5.'

168 4027 367 4099 ἰ’)Η<ἑ1·()(1οῐ.
387 4036 626 4102 lll,95-Diod01‘.
646 4035 693 4100 lX,
715 4034 778 4089 lto.
