2734 4676
1004 311 1076 390 4211

77 502 177 586 genio
202 509 331 566 aermon
357 497 398 564 111
423 497 591 566 Athenaeo
615 495 671 566 lib.
699 497 793 586 xlv,
818 503 891 572 621.
918 505 956 575 Ε.
983 502 1080 577 11111

77 600 141 660 ταῖν
167 586 420 678 Ammoniou:
453 596 508 679 ἔχει
538 594 575 661 τὸ
601 603 717 684 γαῦρον
731 601 789 666 eol
812 600 950 683 o'yxoidec,
974 602 1029 669 l'tt'
1046 603 1080 668 di

78 691 266 776 ὑπόχαυνον.
289 690 430 778 ὁμολογεῖ
448 692 482 757 δὲ
515 698 612 762 ταῦτα
640 706 708 770 τοῖς
737 699 979 784 ἱπποτροφίαις
981 701 1082 766 αὐτῶν

80 815 137 856 και
127 788 340 874 ξενοδοχίαις.
362 791 399 856 od
418 796 591 873 πανοῦργον
615 790 658 874 δὲ,
681 791 764 856 moi
788 796 946 887 ίξφρμένον
962 791 1055 860 οιαὶ
1032 819 1082 861 τε-

81 883 253 974 θαῤῥιριός
273 886 320 952 διὸ
338 913 391 954 aut
383 885 552 954 οίνιειόν
537 911 589 952 επ
622 889 763 974 1111111φὴ
784 892 954 972 φιλοποσία
971 894 1023 958 καί
1039 893 1080 959 roi

84 978 210 1072 ἔρωοιιιᾶ
227 983 279 1048 καί
298 991 384 1052 πᾶσα
410 985 430 1068 ἡ
456 985 525 1068 περὶ
542 986 596 1068 τὴν
618 986 776 1050 bunost
754 987 855 1062 ανειιις.
896 990 963 1056 Sed
985 996 1080 1058 1111111

81 1083 263 1151 etoliditetia
289 1097 382 1172 atque
404 1087 539 1150 inertlue
553 1084 794 1150 uounnbentur
806 1085 930 1158 ,Aeolee
947 1089 1005 1169 1111,
1025 1097 1081 1154 ne'·

37 1235 41 1242 .
78 1203 140 1270 que
160 1183 290 1259 iniuria,
311 1203 384 1248 enm
399 1181 573 1248 litterarum
594 1183 735 1250 studim
759 1182 919 1272 urta'mqne
936 1183 1082 1251 bellicam

78 1293 247 1366 tantopere
269 1277 479 1365 negllgemnt,
507 1293 544 1344 ut
570 1279 730 1396 Epiruma
744 1279 902 1368 Cymueus
922 1283 956 1346 in
975 1299 1082 1368 rerum

78 1388 244 1461 gestarum
268 1379 506 1446 enumeratione
522 1375 627 1440 nihil
616 1398 651 1440 m
668 1378 786 1442 oinium
806 1399 935 1446 auorum
954 1359 1081 1445 laudem

78 1471 278 1538 afferendum
294 1470 427 1538 heberet
444 1487 570 1589 praeter
588 1473 666 1538 hoe:
686 1473 766 1537 mart
787 1473 820 1538 δὲ
830 1475 884 1538 τὸν
899 1473 995 1538 αὐτὸν
1014 1487 1080 1540 ιιαί-

77 1568 135 1687 pit
154 1571 292 1660 Κυμαῖοι
309 1567 366 1643 τὰς
385 1567 507 1652 ἡσυχίας
526 1591 609 1645 ηγον.
655 1569 777 1656 Magna
802 1573 857 1636 illa
873 1574 1080 1639 Aeoleueium

76 1670 211 1754 ignavia
236 1667 355 1754 optime
379 1669 581 1754 perspicitur,
608 1669 638 1732 11
658 1689 728 1732 eum
747 1689 823 1764 oum
837 1668 950 1736 Ionum
970 1669 1081 1736 alenti-

78 1779 145 1842 tate
167 1787 205 1830 eo
222 1765 334 1849 vigore
352 1785 577 1850 comparemus.
617 1764 665 1829 Hi
684 1768 778 1844 enim,
797 1780 946 1855 quantum
962 1790 1006 1832 ex
1025 1791 1081 1832 ve—

80 1877 186 1926 terum
212 1862 335 1950 seriptia
359 1859 576 1947 intelligimus,
600 1883 665 1927 non
690 1861 792 1928 nolum
813 1888 898 1944 oum,
918 1889 1011 1954 quam
1029 1867 1083 1931 lit·

81 1963 159 2026 teris
193 1955 378 2024 exoelandia
410 1957 644 2044 impendebant.
671 1961 729 2024 eod
764 1965 860 2028 etiam
887 1965 1082 2041 fortitudine,

79 2080 174 2147 quam
200 2057 236 2122 in
262 2053 355 2120 bellio
383 2057 532 2140 gerundia
554 2057 774 2142 pmeatubant·
791 2081 851 2124 neo
874 2080 951 2134 ,non
975 2083 1082 2124 rerum
1196 2080 1198 2084 ·

48 2175 49 2180 ’
78 2155 277 2244 publlonrum
300 2153 562 2219 moderandarum
595 2153 725 2218 solertia
758 2161 930 2221 maximam
957 2180 1082 2242 ‘semper

79 2253 145 2320 11111
164 2253 382 2338 eompararuut
399 2250 543 2337 glorium.
583 2251 712 2316 Eximio
729 2249 855 2318 itlomm
874 2257 972 2318 virtue
991 2277 1083 2340 prae-

80 2353 172 2437 oipue
192 2353 229 2414 in
245 2346 337 2426 bello,
368 2349 453 2436 quod
478 2370 548 2414 oum
577 2347 662 2432 Cyro
684 2373 761 2436 rege
788 2351 826 2414 de
859 2349 1004 2414 libertate
1026 2373 1085 2414 eun

77 2459 260 2535 genuerunt,
287 2437 426 2544 apparet.
473 2445 605 2510 Hanooe
636 2444 749 2510 Ionum
775 2446 990 2513 fortitudinem
1020 2462 1084 2513 tum

78 2562 194 2634 parum
217 2536 459 2630 aequipararent
479 2542 608 2622 Aeolea,
636 2557 672 2608 ut
696 2545 908 2610 Herodotus
899 2567 933 2611 rn
953 2531 1086 2612 bolliil·

77 2644 140 2710 liua
160 2643 370 2734 descriptione
388 2661 512 2727 semper
529 2641 597 2706 lere
627 2641 740 2707 lonum
760 2657 881 2709 tentum
898 2648 1086 2724 meminerit,

78 2739 216 2807 Aeolum
234 2760 310 2804 vero
332 2738 417 2802 laeta
444 2737 570 2803 ailentio
589 2733 739 2816 transeat.
781 2741 889 2804 Etiam
909 2746 1085 2825 posteriore

81 2851 233 2925 tempore,
253 2850 321 2900 tum
337 2837 374 2900 in
400 2833 484 2899 hello
504 2857 577 2902 oum
593 2837 694 2900 Dario
715 2859 735 2899 a
756 2835 887 2901 Graecis
906 2837 1085 2901 civitatibus
1189 2837 1194 2850 '

79 2949 182 3023 geete,
202 2948 269 3002 tum
286 2936 322 2998 in
346 2929 430 2996 bello
457 2932 743 3018 Peloponnesiaco,
767 2930 898 2996 donibus
917 2932 1044 3019 longe'
1035 2955 1086 2997 rn-
1157 2948 1160 2953 ·

76 3033 212 3100 seriores
247 3032 437 3100 exstiterunt
470 3029 599 3119 Aeolon.
649 3028 761 3115 Neque
792 3032 821 3092 11
852 3051 904 3092 res
931 3029 1085 3114 publicus,
1172 3037 1177 3076 ί
1217 3037 1222 3049 “

46 3209 48 3214 ¹
76 3130 169 3195 verbi
190 3149 304 3193 1111111
323 3140 515 3205 mercaturus
535 3128 747 3214 coloniasque,
765 3141 900 3212 spectes,
918 3127 1014 3192 ullam
1033 3147 1086 3190 ur·

50 3270 53 3278 ·
76 3227 153 3292 bem
173 3215 339 3292 Aeolicam
365 3226 528 3304 invenies,
555 3248 635 3314 quae
660 3248 730 3289 oum
751 3223 873 3304 Mileto,
885 3223 938 3288 vel
956 3222 1018 3288 alia
1035 3221 1087 3288 lo·

78 3347 158 3390 num
179 3325 305 3388 eivitate
336 3325 512 3408 comparari
538 3327 649 3408 possit.
697 3325 749 3386 Ad
768 3321 888 3386 litteras
909 3322 994 3408 quod
1015 3323 1087 3385 1111-

79 3435 147 3500 net,
168 3423 296 3506 magnis
318 3425 505 3506 scriptorum
533 3423 672 3505 ingeniis
690 3420 851 3485 abundent
871 3421 1015 3483 civitatee
1035 3417 1088 3483 lov

76 3523 182 3596 uiuae,
202 3521 287 3582 inter
318 3517 437 3584 Aeolee
464 3540 541 3582 vero
562 3533 688 3604 praeter
715 3517 880 3603 Ephorum
909 3519 966 3580 vix
988 3516 1087 3580 ullum
1129 3527 1132 3532 '

76 3618 230 3702 reperies,
257 3620 311 3702 qni
338 3617 422 3702 apud
445 3613 593 3702 aequales
625 3641 662 3682 ae
691 3629 837 3702 posteros
865 3616 992 3702 ¹scriptio
1019 3616 1087 3677 auis

76 3713 207 3804 laudem
228 3713 425 3800 gloriamque
446 3725 609 3777 assecutus
626 3717 679 3778 111.

161 3811 214 3876 Ab
246 3810 382 3875 Aeolum
415 3813 608 3874 Aiianorum
632 3812 746 3874 inertia
774 3808 950 3896 hebeteque
977 3825 1087 3890 eorum

75 3911 211 3994 ingenio
238 3912 441 3975 remotissimi
471 3909 597 3972 fuerunt
623 3906 751 3984 Lesbii,
780 3911 869 3972 cuius
888 3902 951 3968 'rei
976 3923 1089 3966 onuuoe

76 4009 244 4090 potissima
268 4008 392 4072 videtur
415 4006 505 4082 haee,
526 4006 610 4090 quod
631 4003 848 4070 lnsulunorum
871 4003 966 4065 enimi
985 4001 1089 4077 penius
