2746 4670
415 193 709 304 ’--·-
918 221 1111 347 ἰιι

104 438 142 500 ni
163 436 266 521 primo
280 421 440 519 repertum
462 431 704 502 tradit'Suidas.
747 435 843 506 Iacob
862 438 901 506 de
923 438 1115 507 carminibus

101 531 222 621 quibus
233 531 356 608 Jnodus
375 531 429 594 ille
453 531 612 598 adbibitus
634 535 676 598 sit
699 555 865 621 quaereus,
888 539 1038 624 quoniam
1058 558 1117 602 ue·

103 653 169 720 qne
185 647 300 692 nomos
328 649 430 715 nequo
459 627 673 712 dithyrambos
700 634 821 716 tragice
847 633 951 698 lacere
978 637 1118 721 potnerit
1159 651 1168 663 ·

103 728 222 802 Arion,
246 726 349 792 autin
371 728 553 810 prooemiis,
575 740 630 791 ant
648 731 682 792 iu
710 729 901 794 carminibus
924 729 1041 814 lyricis,
1061 745 1120 798 aut

106 827 142 886 in
160 821 269 906 lyricis
287 821 461 908 tragoediis
480 826 612 888 invento
640 844 700 887 suo
718 847 899 890 usumesse
917 841 1044 912 poetam
1065 851 1117 892 ar·
1156 841 1158 846 '
1187 851 1192 858 ·

105 920 251 985 bitratur.
306 918 505 984 Postremum
530 919 610 984 mihi
637 921 763 1006 quidem
788 926 928 986 maxime
952 924 1117 1009 probabile

109 1019 245 1106 videtur.
297 1016 392 1081 Licet
414 1019 499 1082 euim
519 1020 706 1104 scriptorem
727 1020 783 1106 qui
801 1020 984 1106 tragoedias
1002 1019 1119 1105 lyricus
1217 1096 1222 1106 1

80 1115 225 1182 'Anioni
253 1113 372 1180 tribnat
398 1117 543 1180 noverim
570 1105 709 1191 nullum,
736 1128 843 1180 tamen
866 1118 942 1202 quin
962 1119 1120 1210 §asmodi
1171 1157 1174 1164 ·

108 1213 251 1280 carmina
273 1211 451 1294 condiderit
475 1223 571 1298 poeta
589 1231 654 1274 nou
681 1210 800 1276 dubito.
848 1210 1043 1294 Boeokbius,
1064 1218 1119 1303 qui
1144 1289 1146 1297 Α
1177 1213 1180 1222 ’

110 1311 229 1394 lyricas
258 1309 439 1394 tragoedias
468 1331 488 1373 a
517 1304 677 1388 veteribus
704 1311 808 1393 poetis
836 1313 1025 1396 compositas
1046 1335 1119 1378 esse
1178 1335 1180 1348 ·

66 1479 70 1484 ,
105 1411 230 1496 primns
261 1407 487 1470 demonstravit
512 1403 551 1468 ab
572 1406 643 1488 ipso
661 1403 783 1470 Arione
805 1403 1034 1480 Bacchioorum
1046 1408 1135 1474 illo-¹

108 1527 181 1570 rum
206 1517 354 1584 canorum
380 1504 537 1588 originem
561 1499 745 1588 repetit-⁷⁴3)
796 1500 949 1577 Quaruvis
969 1518 1075 1570 antem
1099 1529 1121 1572 ι

107 1602 181 1668 solo
211 1601 308 1667 choro
342 1601 584 1665 decantarentur
619 1599 680 1663 bae
710 1599 912 1689 tragoediae,
956 1601 1121 1688 hypocrita
1165 1631 1169 1642 ·

109 1697 200 1784 nullo
229 1699 377 1776 admisso,
405 1697 609 1763 nihilomiuus
633 1695 788 1788 Arionem
816 1699 973 1786 quandam
990 1722 1062 1765 oum
1078 1705 1121 1766 iis

113 1796 320 1860 coniunxisse
343 1797 511 1873 actionem,
528 1796 637 1878 satyri,
659 1816 738 1882 quos
750 1795 805 1859 illc
823 1794 967 1860 versibus
986 1794 1119 1884 loquen-

112 1907 164 1957 tes
184 1893 351 1956 induxisse
377 1893 492 1970 fertur,
522 1893 702 1957 ostendunt
752 1890 901 1960 Ceterum
920 1897 954 1958 iu
974 1898 1121 1960 carmini·

111 1991 260 2057 busonis
289 1988 423 2054 dialecto
448 1988 570 2054 Dorica
594 2011 673 2054 nsns
697 2003 747 2054 est
773 1988 891 2068 Arion,
917 2014 1010 2078 quem
1036 1993 1074 2056 τὸ
1093 2015 1121 2054 ιι

110 2092 210 2154 etiam
230 2091 265 2152 iu
288 2086 427 2151 secundo
445 2108 522 2150 casu
543 2107 688 2164 servasse
708 2087 872 2150 adnotavit
891 2085 1017 2153 Suidas.
1179 2094 1183 2098 ’

197 2181 384 2270 Terpander
399 2196 492 2270 atque
512 2182 625 2261 Arion,
647 2181 813 2271 dequibus
835 2181 997 2272 bucusque
1016 2208 1120 2251 sermo

109 2285 214 2350 factus
228 2294 287 2359 est,
304 2302 491 2369 quamquam
505 2295 541 2345 ut
557 2282 703 2359 vidimus,
715 2283 748 2344 iu
763 2282 854 2365 poesi
867 2278 953 2345 baud
968 2286 1122 2368 exiguum

109 2381 252 2448 studium
269 2377 483 2455 collocabant,¹
499 2390 605 2470 tamen
625 2401 718 2466 quam
739 2381 879 2447 assecuti
895 2392 969 2442 suut
986 2379 1121 2465 gloriam

110 2478 215 2544 multo
236 2480 337 2564 magis
358 2479 499 2542 musicae
520 2474 561 2544 ab
582 2479 660 2561 ipsis
680 2473 828 2554 excultae
850 2475 1035 2541 debuerunt
1054 2465 1122 2541 Iani

105 2572 215 2638 'uobis
235 2575 273 2638 ad
293 2595 350 2638 eos
377 2575 655 2660 progrediendum,
691 2575 744 2660 qni
772 2579 895 2640 musica
917 2587 985 2640 arte
1011 2595 1123 2661 parum

110 2671 262 2738 cedentes
282 2671 396 2736 Arioni
417 2684 449 2735 et
477 2669 665 2758 'l'erpaudro
693 2673 776 2735 iuter
803 2675 961 2759 principes
983 2669 1122 2736 Graeco·
1156 2688 1160 2692 ·

92 2792 183 2834 ϊιιιιι
203 2781 316 2855 poetas
333 2761 475 2839 habendi
494 2783 570 2834 ιιιιιι
590 2768 842 2855 carminibusque
861 2769 1123 2856 praeclarissimis

111 2880 277 2932 aeternam
303 2867 365 2933 sibi
393 2889 432 2932 ac
457 2870 579 2951 patriae
607 2878 826 2952 compararunt
851 2864 987 2931 landem.
1031 2861 1123 2940 Quae

112 2977 260 3079 qyrattuor
286 2987 399 3052 nempe
428 2965 524 3028 statui
548 2963 652 3028 solent
679 2963 798 3046 lyricae
825 2961 1018 3030 Graecorum
1045 2986 1125 3049 poe-

27 3145 37 3156 Ι
111 3065 157 3125 ais
192 3083 346 3148 genera,
360 3060 513 3150 Ionicum,
536 3060 714 3138 Aeoliotnu,
733 3057 889 3126 Doricum
911 3075 943 3126 et
971 3061 1123 3138 Atticum,

113 3178 226 3224 eornm
243 3159 322 3224 illud
339 3161 424 3247 qnod
442 3160 581 3225 seeundo
600 3159 698 3223 loco
693 3161 786 3245 posui
804 3160 839 3222 iu
855 3159 964 3225 Lesbo
979 3161 1120 3223 maxime

10 3269 18 3284 ¹
48 3259 56 3267 '
116 3255 158 3322 ab
178 3255 311 3322 Alcaeo
322 3256 554 3344 Sapphoneque
584 3257 744 3322 excultum
762 3269 822 3335 est,
843 3257 884 3320 de
904 3255 1017 3344 quibus
1036 3278 1121 3324 nuno

32 3370 38 3380 “
117 3354 270 3440 deinceps
291 3353 385 3420 nobis
406 3354 583 3418 dicendum.

199 3452 248 3517 ΑΙ
233 3455 323 3519 leaeo
356 3450 511 3536 Mytilene
541 3451 735 3535 oriundo⁷¹)
770 3453 884 3517 iratres
917 3454 1046 3517 luerunt
1069 3447 1124 3518 Ci-

187 3699 229 3760 ⁷⁰)
250 3697 293 3750 Da
310 3667 452 3751 oeconom.
475 3697 576 3766 public.
590 3696 689 3750 Athon.
708 3697 742 3749 T.
758 3696 793 3760 ll,
812 3713 840 3765 p.
858 3693 924 3751 363.

187 3791 230 3852 ⁷¹)
248 3789 342 3844 Affers
361 3790 494 3844 hocloco
513 3807 653 3844 nummum
672 3790 883 3860 Mytilenaeum,
902 3805 983 3860 quem
1000 3788 1058 3841 tab.
1077 3786 1125 3839 lli.

66 3891 71 3900 =
116 3885 158 3924 ur.
182 3873 210 3925 2.
236 3874 296 3924 aeri
318 3873 405 3926 incidi
430 3872 512 3924 iussit
540 3871 697 3927 Viscoutus.
732 3871 888 3926 Exhibctur
916 3870 1036 3922 aduersa
1063 3869 1125 3925 eius

114 3960 196 4023 parte
224 3961 308 4024 caput
330 3954 425 4008 Alcaei
443 3969 505 4008 cum
523 3952 702 4021 inscriptione
729 3950 904 4007 AAKAIOC
927 3953 1071 4015 utrm,
1095 3964 1124 4004 ιι·
1150 3955 1152 3965 “
