2772 4684
505 363 830 405 -·‘-—r
1070 341 1115 411 13

18 573 23 610 ι
93 559 175 625 κους
192 557 227 602 τε
248 525 455 616 στροςιιιᾶλουν
482 547 526 582 -“-
547 524 603 592 καὶ
628 526 890 614 περιορμισᾶμενοι
908 531 947 598 τὸ
965 529 1044 616 πρὸς
1063 525 1118 594 τό-
1148 600 1151 608 ,

17 669 20 698 ι
92 661 158 702 τοο
181 640 239 710 τῆς
254 628 382 707 πόλεως,
410 626 552 710 ἐτείχισαν
571 621 761 710 στρατόπεδα
781 625 838 694 δύο
855 628 1044 714 ἕνστέριιθιτ
1062 631 1116 707 τῆς

16 751 18 765 ¹
93 731 233 810 πόλεως,
257 727 309 794 ’καὶ
337 725 409 800 τοὺς
437 720 589 807 ἐφόρμους
617 721 670 785 ὕπ’
698 723 887 812 ἀμφοτέροις
913 735 978 801 τοῖς
1002 723 1115 808 λιμέσιν

15 827 20 862 “·
97 833 277 894 ἐποιοῦντο.
318 825 370 890 Βο
392 805 596 888 meridionali
621 835 718 909 portu
737 828 784 891 ita
803 826 913 892 scribit
931 823 1063 890 Strabo:
1096 817 1115 884 d

14 933 16 958 ³
59 1003 63 1014 Ι
101 924 208 998 νότιος
234 921 367 994 absorde
396 917 528 1004 τριήρεσι
555 917 607 980 καὶ
633 919 666 982 ἐν
691 921 779 984 ναυσὶ
801 919 1000 1004 πεντήκοντα,
1032 941 1115 1010 quae

13 1022 15 1056 ³
103 1023 206 1090 verba
233 1019 471 1104 Wesselingius
500 1014 541 1079 ad
571 1015 706 1081 Diodor.
735 1015 826 1097 XIII,
849 1019 900 1092 79.
920 1023 1016 1084 nixus
1035 1039 1116 1104 geo·

12 1121 13 1124 ’
98 1121 221 1210 graphi
240 1119 312 1184 loco
338 1116 393 1182 lib.
411 1112 505 1193 XIV,
525 1137 557 1201 p.
581 1113 654 1178 656.
677 1113 745 1199 (nbi
772 1116 925 1203 legimns:
949 1113 1016 1179 ιῖτοι
1038 1117 1116 1179 Κνί-

99 1219 168 1297 δος,
191 1213 249 1280 δύο
276 1211 391 1296 λιμένας
417 1211 537 1294 ἔχουσα,
563 1203 607 1294 cip
634 1210 689 1275 τὸν
715 1213 817 1298 ἕτερον
842 1211 975 1278 κλειστὸν
1000 1237 1116 1298 τριρρι-
1190 1279 1193 1288 ,

100 1315 162 1379 σιὸν
183 1308 239 1376 ecl
258 1307 456 1392 ναύσταθμον
474 1307 580 1372 ναυσὶν
600 1305 722 1390 clauco)
742 1311 803 1376 bac
816 1315 941 1376 ratione
956 1314 1114 1376 correxit:

106 1404 153 1476 ὧν
174 1406 311 1475 tetrae
329 1404 463 1473 κλειστὸν
490 1403 618 1498 τριήρεσι
648 1407 701 1469 καὶ
721 1406 918 1490 ναύσταθμον
936 1406 1026 1473 ναυσὶ
1046 1427 1116 1474 νιετ-

103 1506 246 1590 τήιιοντσ.
287 1506 444 1594 Equidem
464 1507 630 1586 scripsisse
649 1519 726 1591 puto
748 1506 955 1572 Strabonem:
982 1501 1114 1577 κλειστὸς

102 1602 260 1691 τριηρικὸς
278 1607 362 1683 (sive
381 1601 578 1685 τριηριτικός)
601 1601 690 1665 ναυσὶ
709 1602 900 1680 πεντήκοντα,
914 1615 1032 1690 portet
1053 1609 1113 1668 tri·

102 1709 239 1769 rentiam
278 1693 515 1787 qranpoogista
555 1722 679 1784 capax.
738 1700 940 1768 Choisenlius
969 1700 1116 1788 perhibet

103 1798 286 1886 geographi
313 1798 398 1875 loco,
423 1821 515 1886 quem
545 1812 726 1880 corruptum
751 1800 841 1876 dicit,
869 1821 999 1863 sensnm
1018 1797 1114 1862 talem

105 1902 239 1962 inesse:
258 1895 378 1976 Portas
398 1897 627 1972 meridionalis,
646 1897 829 1961 triremibus
842 1903 1034 1974 inaccessus,
1054 1916 1116 1960 aa·

104 1998 224 2060 caula
244 1999 482 2080 qesaqoagiata
503 2001 672 2059 stationem
693 2003 795 2058 tatem
809 1986 962 2080 praebet.
975 1994 1023 2076 ⁵⁴)
1065 1993 1115 2058 Ea

105 2106 196 2158 certe
217 2105 414 2177 tempestate,
440 2112 503 2175 qua
523 2096 592 2178 ipse
612 2091 724 2155 urbem
743 2095 863 2170 viserit,
888 2106 1014 2178 portum
1034 2111 1115 2155 non-

109 2194 176 2254 nisi
194 2185 357 2273 uavigiola
385 2191 579 2254 continuisse
608 2202 750 2264 testatur,
779 2190 927 2276 nulloque
947 2209 1115 2273 argumen-

113 2300 160 2364 to,
181 2283 268 2349 illius
290 2305 397 2370 aquam
418 2299 559 2373 tempore
581 2300 708 2350 tenuem
720 2287 885 2361 redditam,
906 2285 1116 2349 demonstrari

106 2380 207 2471 poss'e
227 2381 370 2447 affirmat
412 2382 495 2454 Mihi
515 2400 620 2449 tamen
638 2395 748 2469 portus
769 2397 913 2446 naturam
932 2395 1004 2468 post
1027 2380 1115 2443 Stra·

106 2481 204 2546 bonis
222 2494 366 2564 tempora
382 2482 577 2546 immutatam
600 2503 671 2545 esse
695 2479 780 2544 haud
808 2480 962 2546 absonum
980 2479 1115 2542 videtur.

108 2575 259 2650 Κλιιπός
279 2577 365 2641 ιιιιΠο
387 2580 482 2643 modo
512 2582 552 2644 ad
573 2577 701 2662 τριήρεσι
729 2580 839 2642 referri
860 2591 976 2664 potest,
994 2577 1051 2640 sed
1072 2580 1115 2640 si·

107 2676 283 2762 gnificatpr
305 2671 356 2751 eo,
376 2691 501 2760 portum
528 2675 767 2741 meridionalem
787 2680 905 2762 pariter
927 2691 1020 2761 atque
1043 2696 1115 2758 sep-

107 2773 333 2838 tentrionalem
361 2773 502 2839 clausum
529 2776 628 2838 fuisse
656 2797 785 2859 aggere,
815 2776 905 2838 cuius
922 2774 1037 2838 rudera
1057 2772 1117 2836 ho·

111 2871 166 2934 die
184 2893 337 2956 apparere
359 2883 512 2936 testantur
533 2876 737 2936 recentiores.

195 2967 311 3030 Portus
327 2971 583 3055 septentrionalis
603 2982 751 3033 narrante
773 2966 930 3031 Strabone
947 2969 1007 3031 fuit
1026 2965 1117 3050 μέρος
1171 2973 1175 2980 “
1230 3047 1232 3054 J

106 3061 162 3127 uoti
182 3061 293 3148 βαθὺς,
314 3061 428 3147 χώματι
446 3065 668 3148 σκιιισζόμενος.
716 3067 822 3130 Ηιιίιιι
844 3085 970 3149 quoque
988 3069 1117 3150 aggeris

106 3183 185 3248 pars
203 3160 322 3248 magna
345 3177 470 3228 servata
498 3180 560 3243 est,
576 3164 709 3229 testibus
728 3163 900 3240 Pocochio,
920 3161 1117 3240 Choiseulio,

107 3259 254 3348 aliisque.
295 3261 457 3326 Locorum
476 3263 602 3328 illorum
621 3266 739 3327 mentio
760 3261 798 3325 fit
819 3262 903 3343 apud
917 3256 1117 3345 Xenophon·

107 3369 175 3420 torn
199 3370 231 3421 et
251 3357 429 3424 Diodorum
454 3363 487 3423 in
509 3365 806 3425 commemoratione
834 3381 940 3422 rerum
963 3377 1048 3421 anno
1068 3359 1117 3421 vi·

109 3456 232 3520 cesima
254 3470 350 3520 sexto
377 3457 453 3521 belli
478 3459 742 3544 Peloponnesiaci
778 3469 949 3541 gestarum.
1003 3452 1117 3518 Xeno·

105 3549 199 3636 phon
217 3570 342 3638 nempe,
363 3554 459 3638 (Hist.
477 3555 591 3620 Graec.
611 3556 638 3633 1,
657 3555 701 3636 6.)
720 3568 885 3641 postquam
899 3549 1118 3638 Methymnam

107 3669 129 3711 a
152 3647 357 3715 Callicratide
377 3664 500 3737 captam
518 3657 669 3730 narravit,
688 3655 734 3716 ita
753 3653 869 3736 pergit:
891 3647 1014 3712 Κόνωνι
1032 3645 1118 3725 εἶπεν,

108 3742 161 3808 δ’τι
188 3741 295 3810 nelca
329 3748 423 3811 αὐτὸν
449 3756 598 3832 μοιχῶντα
624 3751 678 3831 τὴν
705 3746 871 3812 θάλατταν.
927 3744 1056 3810 κατιδὼν
1084 3740 1117 3806 di

119 3887 1123 3918 mm

106 4074 119 4128 ι
155 4067 159 4072 ,
183 3991 225 4058 ⁵⁴)
244 3965 338 4052 tata.
360 3995 493 4067 Sequitur
517 3991 582 4054 c'um
603 3998 748 4056 Falconer.
774 3995 804 4050 in
828 3999 897 4050 nota
914 3991 952 4045 cd
969 3977 1116 4044 Strabonis

118 4081 213 4131 (teum.
1108 4095 1114 4110 .
