2772 4684
480 385 682 406 ············
926 361 1085 437 .27

17 613 22 616 .
70 571 147 622 ocos
164 544 345 634 appellatas
361 562 435 609 csse
452 543 537 628 apud
554 555 679 610 νιιιιιι
698 549 869 634 scriptores
885 552 1087 642 legimual‘)
1161 540 1169 560 ⁸

70 649 227 734 Denique
254 641 440 709 Macareum
462 645 596 728 primam
621 642 726 730 legem
743 647 936 766 reipublicae
957 653 1088 718 utilissi-

69 767 163 812 mam
177 741 342 829 leonisque
363 743 524 806 nominc
514 742 699 826 insignitam
717 749 865 810 sanxisse
884 750 1036 815 referunt

163 843 256 908 Haec
272 842 339 904 iere
360 853 444 917 sunt,
466 840 610 926 quaeda
631 844 857 928 antiquissimis
872 846 1007 911 Lesbi
997 869 1088 913 mco-
1140 833 1144 842 ¹

75 944 120 1008 lis
154 963 174 1005 a
206 936 368 1004 veoeribus
398 935 604 1023 scriptoribus
638 940 834 1006 traduntur.
861 940 930 1007 Nos
961 947 1089 1031 quidem

79 1042 156 1103 istas
176 1037 379 1100 narrationes
403 1037 438 1098 in
466 1037 651 1100 universum
670 1037 756 1102 nulla
777 1039 870 1125 plane
891 1039 955 1104 fide
974 1043 1087 1128 dignas

76 1157 148 1200 esse
176 1132 377 1199 confidenter
397 1136 605 1227 pronuntiare
631 1155 701 1199 non
728 1135 915 1206 dubitamus.
962 1137 1088 1206 Nihilo·

73 1237 181 1300 minus
200 1245 309 1296 tamen
334 1230 410 1322 quid
433 1230 664 1296 fabulatoribus
691 1234 732 1296 ad
762 1235 838 1330 talia
858 1235 1010 1324 fingenda
1030 1262 1088 1304 an·

75 1354 149 1396 sam
166 1328 349 1416 praebuerit
368 1332 591 1420 inquiiendum
613 1343 672 1409 est,
696 1355 758 1420 qua
774 1324 808 1398 ih
829 1359 864 1400 rc
882 1339 929 1400 ita
948 1335 1089 1401 versabi-

78 1449 162 1508 mur,
191 1443 226 1494 ut
253 1429 346 1496 simul
373 1451 394 1494 a
418 1427 533 1516 quibam
558 1441 700 1515 tompore
726 1436 940 1499 vetustissimo
962 1434 1088 1534 inhahi-

81 1539 146 1592 tata
164 1528 261 1594 inens
280 1527 408 1594 Lesbos
428 1545 540 1592 eruere
561 1539 728 1592 tentemus.

161 1623 304 1695 Insulam
338 1627 495 1690 desertam
529 1623 683 1712 Pelasgos
712 1623 846 1693 Xantho
876 1629 956 1694 duce
990 1631 1088 1717 Argis

77 1712 240 1810 proiectos
263 1741 438 1810 occupasse
464 1719 644 1801 Diodorus,
667 1733 703 1788 nt
720 1726 818 1790 modo
838 1713 992 1808 vidimus,
1015 1751 1089 1794 nar·

78 1833 140 1898 rat,
166 1841 271 1908 neque
298 1821 453 1906 Pelasgos
473 1823 708 1908 antiquissimos
729 1823 829 1888 Lesbi
849 1827 970 1892 incolas
989 1827 1090 1892 fnisse

80 1921 195 2005 negari
212 1931 327 2004 potest.
366 1918 435 1984 Sed
454 1931 623 2007 antequam
641 1920 682 1983 ad
702 1943 758 1986 eos
778 1921 933 2011 Pelasgos
953 1947 1007 2013 qur
996 1926 1090 1989 'Lc-

80 2018 172 2082 sbom
189 2017 265 2082 clim
279 2029 448 2082 tennerunt
459 2019 693 2103 perveniamus,
714 2019 753 2082 de
765 2024 915 2086 universa
926 2022 981 2086 illa
994 2037 1091 2109 geute

15 2165 20 2174 .
79 2133 184 2203 pauca
201 2116 434 2203 praemittenda
459 2128 542 2179 sunt.
590 2113 687 2178 Nulla
713 2116 780 2180 sere
801 2123 918 2185 veteris
938 2111 1120 2186 historiae¹
1195 2111 1197 2118 ’

84 2222 159 2300 pa'rs
182 2214 389 2278 virisdoctis
413 2212 484 2303 plns
506 2213 670 2275 facessivit
696 2218 818 2298 negotii
845 2239 938 2302 qnam
967 2217 1007 2279 de
1029 2217 1091 2280 Pe·

86 2309 187 2397 lasgis
213 2311 356 2398 quaestio
363 2331 373 2386 ς
402 2331 462 2374 nos
489 2309 616 2397 quidem
643 2307 740 2387 illins,
761 2313 814 2398 qui
834 2311 1009 2388 remillam
1026 2314 1092 2398 pri·

82 2430 154 2475 mus
181 2408 365 2497 diligatam
389 2409 554 2493 indagavit
589 2419 621 2470 et
644 2405 889 2493 explanavit¹⁷)
920 2411 1092 2495 premimus

81 2509 232 2593 vestigia.
262 2504 429 2590 ¹Inprimis
454 2509 552 2590 igitur
581 2506 704 2590 priscos
729 2507 903 2594 Pelasgos,
936 2503 1093 2580 Graeciae

84 2608 257 2670 universae
278 2603 354 2678 slim
384 2602 521 2667 cultores
549 2601 589 2666 ab
616 2604 676 2679 iis,
696 2607 750 2690 qui
775 2602 1015 2688 Tyrrhenorum
1034 2626 1093 2671 no-

82 2707 170 2768 mine
204 2701 377 2786 nuncupati
394 2721 457 2764 ·ex
490 2698 627 2765 Boeotia
654 2705 688 2766 in
713 2702 869 2781 Atticam,
894 2707 1030 2791 indeque
1057 2707 1093 2768 in
1138 2737 1142 2744 ·

84 2801 239 2885 Scyrum,
265 2798 423 2877 Imbrum,
450 2799 626 2876 Lemnum,
662 2799 908 2880 Samothracen,
940 2800 1093 2880 Lesbum,

87 2896 250 2976 Troadem
277 2897 420 2984 aliosque
444 2895 535 2961 locos
561 2900 753 2982 migrarunt,
785 2911 930 2964 accurate
953 2903 1094 2963 secerni-

86 3019 170 3063 mus.
212 2995 281 3064 Hac
304 2997 507 3060 distinctione
532 3015 650 3080 magna
675 3016 749 3081 pars
771 2995 1000 3074 difficultatum,
1024 2997 1094 3084 qui·

84 3094 147 3160 bus
170 3091 355 3160 laborarunt
382 3093 535 3159 historiae
563 3095 711 3180 antiquae
732 3095 884 3172 studiosi,
903 3107 1094 3157 removetur.

84 3191 302 3258 Nihilominus
330 3206 436 3258 tannen
463 3195 608 3281 quaestio
637 3193 677 3256 de
697 3196 811 3278 priscis
832 3190 981 3277 Pelasgis
1002 3189 1095 3254 valde

80 3291 240 3382 impedita
255 3304 374 3370 manet,
400 3311 504 3379 neqne
530 3295 720 3378 sperandum
738 3292 818 3370 fore,
838 3303 873 3354 nt
893 3312 946 3356 res
966 3281 1121 3378 promur'

83 3389 133 3453 'ad
148 3387 302 3476 liquidum
320 3390 520 3476 perducatur.

118 3523 122 3532 =
171 3483 364 3552 Universum
383 3488 452 3551 fere
471 3487 638 3552 Graeciam
658 3485 851 3570 temporibus
872 3487 1098 3574 antiquissimis

84 3583 130 3648 ab
153 3605 192 3649 eo
210 3583 329 3671 populo
349 3583 466 3649 cultam
495 3607 566 3652 esse
589 3588 672 3649 inter
693 3598 818 3649 veteres
840 3598 973 3649 constat.
1013 3581 1097 3648 Nam

78 3696 215 3771 praeter
245 3683 376 3770 Epirum
405 3697 437 3748 ιι
465 3681 667 3748 Thessaliam
693 3696 725 3746 ct
753 3681 923 3748 Boeotiam
955 3695 986 3747 et
1012 3682 1098 3746 Atti·
1217 3737 1220 3742 .

79 3801 160 3846 cam
178 3791 340 3868 totamque
361 3781 626 3869 Peloponnesum,
645 3803 723 3869 quas
743 3781 933 3868 principales
946 3779 1098 3868 Pelasgo·

670 3929 1103 3941 ..κη-Μ.-

162 4012 339 4078 ¹⁶)Diodor.
359 4013 393 4078 V,
413 4015 459 4066 82.
479 4014 611 4083 anpon.
631 4010 697 4063 Mel.
716 3981 751 4073 ll,
771 4012 797 4064 7.

163 4106 334 4172 ¹⁷)Miiller.
354 4084 479 4178 Aeginet.
498 4124 526 4177 p.
541 4107 568 4162 l).
585 4102 657 4160 Orci
648 4120 758 4177 onap
784 4101 864 4158 12⁵³
851 4119 909 4171 sqq
928 4112 956 4169 p.
974 4081 1099 4169 ddisqq.
1197 4125 1199 4132 v
