2746 4670
503 260 703 406 {--
890 313 893 324 ·
1041 298 1132 404 ιννχ
1155 235 1170 310 ”

98 515 178 582 qnos
191 492 414 580 praetennisso
430 489 569 552 auctoris
580 489 710 553 nomiae
727 512 759 577 p.
775 489 825 556 55.
839 491 949 560 iaudat
959 489 1112 582 Hephae-

96 595 194 667 stion,
214 589 255 653 ad
275 587 517 672 poetriam=sint
536 585 707 650 referendi.
750 586 898 655 Meminit
918 587 1006 659 filiae
1025 591 1112 658 illim

96 691 197 783 etiam
208 685 344 752 Ovidius
359 687 394 748 in
407 682 588 766 Sapphonis
606 685 646 749 ad
659 684 823 752 Phaonem
838 687 974 777 epistola
989 689 1033 773 (v.
1046 687 1112 774 70.)

140 804 191 896 Et
212 803 364 890 torperem
385 801 501 879 derint,
524 823 608 887 quae
631 824 680 866 rae
701 810 772 900 piae
784 804 1041 894 fiaefote'geat,

182 903 374 967 Accumulat
398 921 494 966 crcrar
505 899 589 977 filia
607 919 716 984 paroc
737 924 833 974 mcor.

182 1019 232 1086 cf.
253 1009 345 1082 Max.
368 1017 445 1102 Tyt.
465 1019 601 1086 Dissert.
620 1015 748 1084 XXIV.
767 1045 837 1108 p.
818 1006 891 1091 2257
910 1023 985 1087 edit.
996 1021 1111 1089 Davis.
1191 999 1196 1014 Ι

97 1123 226 1186 Fratres
252 1118 381 1182 strarant
409 1116 574 1204 Sapphoni
604 1117 788 1197 Charaxus,
806 1117 969 1200 herichus
990 1135 1023 1185 et
1041 1119 1111 1186 Eu·

93 1223 220 1304 'rygt'ue
274 1213 465 1291 Larichum‚
490 1217 543 1301 qui
569 1215 734 1300 pocillator
753 1219 788 1282 in
805 1219 960 1304 prytaaneo
981 1217 1111 1302 Mytiless
1179 1275 1181 1281 .

99 1337 182 1379 naen
201 1326 269 1377 erut
288 1314 487 1402 constitutus?
516 1315 551 1377 in
571 1315 762 1379 carminibus
782 1319 848 1380 suis
869 1320 1010 1400 maximo
1035 1339 1111 1403 ope·
1189 1357 1201 1375 ·

98 1411 139 1493 're
160 1410 332 1477 celebravit
357 1413 498 1494 poetria,
531 1424 679 1474 narrante
712 1412 890 1478 Athenaeo.
940 1413 1111 1481 Charaxus

100 1509 249 1576 Amaside
262 1507 493 1592 Aegyptiorum
506 1508 673 1593 imperium
691 1523 820 1575 tenente
840 1513 948 1576 vinum
956 1512 1110 1578 Lesbium

98 1609 278 1695 negotiator
305 1603 491 1668 Naucratim
515 1609 667 1689 portavit·
681 1601 788 1696 ibique
817 1607 987 1695 Rhodopin
1007 1631 1110 1673 mere·

97 1711 207 1780 tricem
234 1725 351 1788 magno
378 1704 553 1788 pretioex
579 1707 732 1768 servitute
759 1706 915 1783 redemit,
943 1727 1038 1793 quam
1066 1705 1110 1770 ob

101 1825 244 1870 caussam
266 1802 355 1865 iilum
381 1797 488 1862 multis
516 1804 669 1880 convitiis
685 1805 720 1874 in
742 1802 934 1882 carndnibus
954 1806 1111 1868 insectata

99 1915 149 1966 est
170 1898 308 1986 Sappho.
352 1894 505 1980 xanaiae
533 1893 577 1970 δέ,
600 1900 704 1984 inquit
729 1899 925 1989 Herodotus,
954 1897 995 1974 ὡς
1017 1895 1111 1962 huod·
1187 1913 1195 1922 '

96 2021 182 2081 μενος
200 1993 349 2079 Ῥοδῶπιν
368 1990 552 2074 ἀπενόστησε
571 1993 608 2082 ἐς,
622 1993 810 2076 Μιτυλήνην,
832 1997 863 2058 ἓν
884 1994 967 2076 μέλεϊ
986 1995 1111 2075 Σαπφὼ

97 2091 199 2158 πολλὰ
234 2086 468 2174 κατεκερτόμησέ
498 2113 560 2173 μιν,
586 2093 670 2179 quod
698 2116 771 2156 mea
798 2094 925 2180 quidem
952 2097 1111 2159 sententia

99 2195 138 2257 de
176 2190 328 2256 Gharaxo
367 2192 495 2254 omnino
532 2193 633 2276 accipi
671 2189 765 2254 debet
793 2213 896 2277 neque
922 2187 987 2254 ullo
1013 2191 1110 2256 modo

97 2289 267 2374 Rhodopin
293 2287 435 2350 indicare
470 2301 584 2373 potest.
639 2287 736 2373 Apud
769 2287 972 2366 Athenaeum
1004 2299 1110 2360 tamen

11 2411 14 2444 r
95 2385 164 2472 (lib.
191 2383 282 2464 XIII,
309 2410 340 2471 p.
378 2385 448 2448 596.
482 2384 533 2470 B.)
572 2385 652 2450 haee
681 2375 848 2472 leguntur:
880 2382 1040 2459 Ἑνόόξοος
1076 2383 1110 2447 δὲ

97 2484 221 2568 ἑταίρας
244 2481 295 2544 καὶ
321 2480 371 2544 ἐπὶ
390 2479 488 2544 κάλλει
507 2481 710 2567 ιλιαρέρονοας
732 2485 829 2566 ἤνεγκε
850 2481 941 2564 καὶὴ
963 2478 1111 2564 Netineu-

97 2603 158 2653 τις·
192 2581 328 2664 Δωρίχαν
354 2602 384 2640 τε
413 2575 448 2659 ἣν
474 2569 498 2660 ἡ
520 2579 596 2661 καλὴ
623 2581 757 2662 Σαπφὼ,
785 2581 933 2666 ἐρωμένην
956 2578 1109 2668 Χαράξου

94 2685 155 2744 τοῦ
175 2677 312 2758 ἀδελφοῦ
325 2672 427 2755 αὐτῆς,
443 2674 513 2738 κατ’
535 2677 682 2760 ἐμπορίαν
697 2681 736 2751 εἰς
755 2677 809 2758 τὴν
826 2677 1006 2761 Ναύκρατιν
1017 2678 1111 2744 duai-

95 2801 205 2865 ροντος
234 2775 284 2839 διὰ
306 2779 359 2856 τῆς
381 2771 528 2852 ποιήσεως
552 2771 711 2858 διαβάλλει,
735 2771 773 2846 ὡς
796 2773 900 2836 πολλὰ
916 2783 973 2838 τοῦ
996 2773 1110 2860 Χαρά-

92 2875 151 2952 ξου
174 2873 402 2954 νοσφισαμένην.
443 2872 518 2936 Non
540 2871 643 2936 solum
664 2873 761 2957 igitur
782 2873 923 2948 fratrem,
943 2873 1109 2939 sedetiam

90 2974 183 3038 illius
206 2976 359 3040 amasiam
380 2972 526 3035 convitiis
543 2971 696 3056 proscidit
717 2973 850 3055 poetria.
892 2970 991 3033 Addit
1010 2969 1109 3035 Athe·

91 3092 210 3147 naeus,
237 3063 402 3135 mulierem
430 3067 516 3130 iliam
538 3067 584 3130 ab
610 3068 777 3132 Herodoto
801 3066 884 3134 male
911 3064 1109 3152 Rhodopidia

90 3170 226 3232 nomine
262 3168 430 3255 appellari,
466 3188 537 3228 cum
571 3169 642 3252 ipsa
677 3165 808 3252 Sappho
837 3163 1014 3230 Doricham
1038 3185 1109 3228 eam

90 3270 337 3351 nuncupaverit.
397 3264 448 3328 De
478 3261 583 3328 rebus
607 3267 769 3329 amatoriis
797 3262 941 3329 Charaxi
978 3261 1109 3350 Sappho

91 3363 260 3428 Ovidiana
280 3368 326 3428 ita
346 3364 502 3452 loquitur:

88 3483 229 3547 Arsit
214 3504 307 3567 raupa
320 3486 454 3563 frater,
480 3486 582 3545 aicius
601 3445 781 3544 meretrecis
803 3499 925 3558 amore,

136 3578 309 3666 Marioque
330 3603 399 3646 cum
419 3586 512 3666 turpi
528 3579 645 3642 domna
667 3579 794 3661 pudore
813 3581 864 3643 tul
863 3584 907 3652 r't,·
991 3629 1000 3642 .

88 3671 223 3743 Factae
250 3679 345 3763 inops
373 3683 457 3768 agile*
476 3682 615 3763 peragit
630 3678 735 3755 fretu
768 3678 903 3742 caerula
927 3696 1024 3752 remo,
1072 3757 1074 3764 Ι

142 3772 296 3873 Quasque
324 3779 407 3843 male
430 3781 541 3842 orratsr't
559 3796 641 3838 ιιιινιο
662 3778 745 3840 mule
764 3780 876 3862 querit
895 3794 983 3858 oper,

89 3927 141 3972 ex
167 3905 288 3994 quibus
308 3905 415 3972 uerbis
434 3907 503 3971 Pet.
522 3905 723 3971 Burmannus
744 3909 839 3973 nimis
860 3918 951 3970 acute
971 3901 1110 3990 collegit,

89 4002 286 4138 Charopum
313 4003 427 4091 opibus
456 4005 616 4096 dissipatis
641 4007 776 4090 piratam
802 4005 866 4162 vrplq
882 4003 1038 4159 perfigens
1062 4000 1111 4062 fa·
