2772 4684
479 355 685 394 --'
866 361 869 380 ¹
1039 347 1087 422 45

58 537 163 606 stello
184 537 221 599 in
242 531 380 620 Sigeum
402 530 444 596 ab
462 527 714 596 Atheniensibus
737 543 923 617 occupatum
940 533 1090 621 irruptio·

60 657 128 700 nea
150 633 279 698 iecisse.
321 629 473 696 Arisbam
493 627 649 692 Percoten
668 629 752 692 inter
775 642 809 693 et
827 627 976 714 Abydtun
995 635 1089 701 sitem

58 733 156 798 falso
208 725 478 810 Mytilenaeorum
517 723 674 789 coloniam
716 723 863 811 perbibet
906 725 1088 814 Stephanus

63 829 263 914 Byzantius.
277 825 325 910 Η)
378 823 463 890 Urbs
483 822 550 900 illa,
569 819 704 886 coloniis
723 821 865 889 Aeolicis
884 823 982 889 multo
1005 831 1089 894 anti·

68 929 180 1014 quior,
202 945 222 986 a
245 919 450 1006 Mytilenaeis
476 939 541 984 non
564 917 708 996 condita,
737 921 794 986 sed
822 943 892 985 cnm
919 921 990 988 eliis
1016 927 1088 1010 agri

72 1022 212 1090 'l'roieni
233 1017 366 1083 urbibus
387 1029 541 1104 occupata
570 1026 629 1077 est.
670 1014 791 1082 Multas
817 1040 941 1108 qnoque
960 1017 1086 1105 Mysiae

68 1119 167 1186 urbes
193 1129 366 1180 tenuerunt
391 1113 590 1198 Mytilenaei,
616 1135 698 1200 qnae
726 1113 874 1178 Ἀκταίων
906 1111 1085 1203 atnam)

66 1217 204 1282 nomine
225 1203 400 1298 appellatae
432 1215 541 1298 quinto
562 1209 639 1275 belli
659 1212 925 1300 Peloponnesiaci
946 1229 1030 1277 anno
1050 1218 1086 1280 in

67 1312 317 1402 Atheniensium
343 1328 518 1394 pervenere
545 1321 745 1394 potestatem.
792 1308 879 1373 luter
908 1308 980 1373 illas
1001 1312 1086 1375 rele-

70 1411 195 1478 rendae
209 1400 405 1483 snn'tAssus',
421 1428 514 1492 quum
521 1405 708 1470 Alexander
717 1405 902 1472 Cornelius⁶
912 1405 941 1492 ¹)
956 1429 976 1470 a
986 1405 1086 1492 Myti-

72 1509 207 1584 lenaeis,
227 1503 379 1588 Myrsilus
399 1502 599 1584 Lesbius⁶²)
618 1526 638 1567 a
664 1501 899 1588 Methymnacis
926 1505 1086 1575 conditam

70 1629 144 1671 esse
170 1605 258 1688 dicit,
292 1599 476 1664 Antandros
510 1600 664 1687 aliaeque.
720 1600 773 1664 De
807 1603 910 1685 campi
936 1597 1086 1668 Thebani

67 1691 277 1790 possessione
305 1695 400 1762 vulda
419 1699 502 1784 inter
524 1719 559 1761 se
581 1711 720 1762 certasse
741 1697 880 1764 Lesbios
899 1715 1084 1789 ceterosque

13 1839 17 1860 .
69 1799 195 1867 Aeoles
220 1810 329 1862 auctor
357 1808 405 1857 cst
431 1792 547 1859 Strabo
574 1792 743 1872 nn.x111‚
770 1817 802 1880 p.
825 1796 897 1860 612.
917 1795 1086 1882 ἀμφότεραι

71 1896 107 1960 d’
129 1888 207 1980 ἦσαν
233 1894 265 1956 ἐν
290 1895 333 1974 τῷ
358 1889 496 1972 κληθέντι
524 1889 598 1974 μετὰ
624 1898 721 1954 ταῦτα
752 1888 854 1976 Θήβης
874 1892 974 1977 πεδίῳ,
994 1893 1012 1958 ὃ
1031 1895 1085 1959 διὰ

70 1993 130 2077 τὴν
149 1990 264 2077 Ιἀἱρετὴν
295 1989 495 2073 περιμάχητον
529 1991 668 2070 γενέσθαι
697 1988 775 2066 (ναοὶ
801 1993 928 2066 Μυσοῖς
955 1990 1008 2074 μὲν
1033 1994 1086 2058 καὶ

71 2089 192 2164 Λυδοῖς
213 2097 279 2161 τοῖς
307 2086 466 2174 πρότερον,
486 2095 551 2158 τοῖς
571 2084 603 2148 d'
619 2083 759 2165 Ἣλησιν
776 2083 900 2172 ὕστερον
914 2097 979 2163 τοῖς
1000 2091 1085 2153 ἐποι-

74 2185 205 2269 κήοοισιν
219 2186 264 2246 ,ἐκ
291 2191 344 2266 τῆς
371 2182 520 2256 Αἰολίδος
544 2182 596 2246 καὶ
615 2187 677 2262 ’τῆς
707 2182 841 2263 Λέσβου.
883 2185 921 2249 Ιιι
943 2185 1084 2252 Thracia

77 2285 204 2351 Aenum
229 2281 385 2348 urbemn
414 2281 620 2366 Mytilenaeis
658 2281 816 2344 conditam
851 2303 923 2348 csse
950 2297 1084 2350 erratu

74 2382 232 2467 Scymnus
259 2377 370 2458 Chius,
396 2401 428 2444 v.
448 2378 520 2443 695.

201 2497 301 2560 Μετὰ
322 2494 376 2580 τὴν
394 2493 580 2582 Μαρώνειαν
604 2493 637 2560 δὲ
655 2492 730 2559 κεῖτ’
750 2493 843 2571 Αἶνος
862 2495 956 2579 πόλις,

200 2593 330 2679 'Fleuo’
353 2596 493 2668 ἐποίκους
513 2595 545 2660 ἐκ
566 2591 742 2678 Μιτυλήνης
763 2593 894 2671 Αἰολεῖς.
907 2597 957 2683 ⁶³)

72 2717 232 2785 Plurimae
251 2713 365 2780 barum
384 2727 537 2778 terrarum
557 2712 742 2801 urbiumque
764 2719 799 2779 in
820 2716 904 2781 bello
925 2717 1084 2804 Pelopon·

74 2817 204 2880 nesiaco
219 2811 271 2881 ‘ab
296 2810 548 2878 Atheniensibus
584 2824 756 2896 occupatae
782 2826 865 2877 sunt.
916 2813 1084 2880 Strabonis

77 2925 220 2998 tempore
249 2910 327 2975 nihil
357 2910 425 2974 lere
457 2907 663 2990 Mytilenaeis
696 2911 731 2972 in
762 2913 943 2974 continente
970 2912 1085 2999 reliqui

65 3010 137 3096 ,fuit
158 3011 280 3094 practer
298 3030 431 3096 parvam
454 3029 529 3070 orac
550 3004 678 3088 Mysiae
701 3019 821 3092 partem
840 3005 1014 3071 Cisthenen
1033 3012 1084 3072 in·

71 3101 122 3174 ter
145 3117 185 3173 et'
199 3129 310 3194 agrum
327 3105 550 3196 Atarnensem.
593 3101 654 3167 Siti
675 3117 764 3167 erant
782 3106 816 3167 in
836 3103 891 3166 illa
906 3108 983 3192 pagi
1002 3125 1084 3168 non·

71 3205 166 3283 nulli,
190 3202 415 3291 Coryphautis,
436 3200 595 3267 Heraclea
616 3213 647 3264 et
669 3201 774 3264 Attea.
789 3199 840 3279 6·)
897 3291 899 3299 J

74 3439 121 3496 1³.
141 3447 173 3496 ct
190 3442 231 3495 M.
254 3456 281 3511 p.
300 3437 365 3492 894.

142 3535 187 3598 ⁶⁰)
208 3533 337 3601 Tbuoyd.
356 3530 403 3595 lv,
425 3529 482 3585 52·

142 3627 188 3691 ⁶¹)
208 3625 305 3696 Steph.
325 3626 445 3694 Byzant.
464 3640 487 3678 ι.
511 3639 537 3676 τ.
552 3620 657 3684 Ἄσσος.

143 3719 189 3782 “)
207 3717 300 3772 Strab.
317 3716 391 3780 Xlll,
411 3734 438 3786 p.
459 3716 524 3770 610.
542 3716 576 3769 Ι).
597 3718 660 3769 cas.
677 3727 703 3780 p.
723 3703 788 3762 ³93.
807 3703 908 3761 Tuscis.

22 3829 26 3840 ·
144 3809 188 3872 ⁶³)
207 3809 282 3862 ilino
302 3809 421 3864 sonasse
438 3810 559 3878 intelligi
580 3807 685 3878 poterit
705 3819 753 3856 cur
771 3801 836 3854 lleli
854 3797 1021 3868 Mytilenaei
1035 3810 1082 3864 pa·

66 3897 118 3944 ter
134 3891 222 3958 (apud
246 3890 406 3960 Antiphont.
434 3891 467 3945 dc
486 3890 563 3944 caed.
581 3887 696 3949 Herod.)
717 3883 786 3937 Aeni
805 3885 992 3935 commoretur
1010 3877 1082 3944 ipse·

67 3987 126 4042 que
146 3969 238 4023 Helua
255 3971 350 4026 Lesbo
367 3974 396 4025 in
418 3975 548 4042 oppidum
566 3971 634 4024 illud
652 3982 723 4020 nave
740 3966 940 4034 proficiscatur.

145 4064 189 4126 ⁶⁴)
208 4061 301 4117 suan.
321 4065 394 4130 xiii,
410 4081 437 4135 p.
457 4064 522 4118 cot.
546 4066 575 4117 c.
595 4065 657 4116 cas.
673 4075 700 4128 p.
719 4056 783 4111 368.
801 4055 903 4108 tumn.
922 4068 948 4120 p.
966 4050 1033 4104 tior.⁴
1051 4048 1082 4100 ι.

66 4148 138 4200 Cat·
155 4159 183 4215 p.
203 4143 268 4201 376.
286 4146 388 4202 Tzach.
408 4147 510 4217 Scylax
525 4161 552 4216 p.
569 4143 615 4198 36.
634 4140 796 4196 lluds.l'lin.
816 4140 887 4192 llist.
904 4133 968 4187 Ναί.
982 4131 1016 4194 V,
1037 4127 1082 4180 30.

144 4399 155 4435 i
