2772 4684
539 325 738 340 ---·--
1084 297 1186 372 23,

200 479 385 566 insularum
402 479 595 562 exiguarum
613 478 648 539 in
666 473 767 539 Lesbi
780 480 897 544 vicinia
915 483 1130 568 citarumper-

107 583 242 650 multaa
272 579 365 642 affert
379 573 532 652 -Plinins,
558 570 648 636 verbi
676 596 789 640 caussa
811 575 1006 660 Cydoneam,
1032 601 1129 648 unam

109 683 166 745 'ex
185 683 240 757 iis,
268 699 348 764 quae
375 675 506 738 Leucae
534 670 711 756 appellatae
737 675 812 752 sint,
831 673 1013 739 Sandaleon
1033 675 1128 741 aliac-

116 801 198 866 que.
241 775 313 839 Haa
332 771 388 836 ubi
409 768 614 835 collocandae
636 771 701 832 a'int
720 792 804 835 nunc
825 772 949 857 quidem
972 785 1058 838 certo
1081 774 1129 837 di-

120 879 157 940 ci
178 895 248 936 non
260 881 377 957 potest.
391 865 441 951 83)
482 863 521 930 ln
535 861 631 943 irato,
649 866 734 954 quod
750 880 800 930 eet
819 870 901 933 inter
919 869 1061 934 Lesbum
1081 884 1128 934 at-

124 959 318 1058 quaestam,
340 963 471 1044 insulae·
478 985 596 1049 parvae
614 957 742 1029 fueraut
759 965 800 1028 ad
815 969 939 1051 viginti,
955 967 1129 1033 secundum

5 1073 9 1080 ’
122 1066 366 1133 Timosthenem
403 1062 628 1150 quadraginta,
660 1083 725 1126 uno
760 1066 888 1128 nomine
912 1065 1129 1130 Hecatonneai

7 1185 13 1192 ’
114 1163 299 1252 appellatae
328 1165 363 1226 in
389 1160 545 1227 honorem
570 1157 728 1245 Apollinis
752 1160 885 1239 Hecati‚
922 1166 977 1249 qui
996 1167 1030 1228 in
1060 1177 1128 1228 tota

111 1263 184 1327 ista
195 1261 297 1326 Asiae
313 1281 369 1324 ora
387 1261 606 1344 maximopere
628 1256 799 1323 colebatur.
824 1258 954 1325 Iacebat
969 1259 1015 1323 ibi
1032 1263 1129 1326 etiam

117 1357 358 1435 Pordoselene,
384 1355 495 1420 urbem
519 1358 553 1419 in
585 1377 620 1419 se
650 1355 771 1422 habens
791 1360 1012 1444 cognominem
1033 1372 1127 1446 atque

121 1470 197 1522 ante
217 1454 329 1522 urbm
349 1453 414 1518 alia
427 1453 534 1518 incula
551 1457 653 1520 maior
670 1473 741 1518 cum
763 1454 841 1520 urbe
861 1455 1004 1520 eiusdem
1025 1458 1128 1520 aomi-

117 1558 173 1619 nis
192 1554 322 1620 decerta
344 1547 522 1638 'temploque
539 1550 767 1637 Apollinis-⁸⁴)

192 1777 236 1840 ⁸⁸)
259 1773 382 1828 Nouius
404 1785 501 1827 eorum
527 1776 556 1828 ir
581 1777 678 1829 tabula
699 1775 892 1848 geographica
920 1775 961 1827 ibl
985 1775 1128 1844 adscripta

122 1865 198 1923 aunt,
218 1873 272 1928 quc
294 1873 331 1910 ea
348 1855 499 1914 collacavit
516 1857 700 1924 Choieeuline‚
720 1861 799 1912 uncie
816 1865 909 1911 tamn
926 1857 1041 1910 incluta.
1072 1858 1127 1910 Un-

120 1945 158 1998 de
177 1943 222 1994 vir
239 1939 338 1994 coctus
359 1940 480 1992 insulam
504 1938 647 2011 Netiopen,
672 1956 754 2011 quam
778 1941 918 2012 Antissam
937 1939 1012 1991 inter
1034 1945 1065 1992 et
1083 1938 1127 1992 st-

119 2027 217 2098 grium
243 2023 464 2091 promontorium
492 2025 595 2092 posuit,
621 2025 760 2092 cognitam
779 2021 915 2085 habuerit,
934 2023 1033 2090 ignoro
1051 2023 1127 2092 equi7

121 2109 196 2160 dem.
237 2107 320 2176 Certe
341 2121 430 2176 neque
453 2105 524 2173 apud
551 2104 716 2157 Strabonem
737 2119 789 2156 nec
808 2103 926 2156 Plinium
940 2118 993 2156 nec
1010 2101 1127 2172 Stepha-
1185 2148 1190 2157 ,

124 2203 194 2242 uum
209 2187 380 2255 nyzmutm
399 2187 547 2258 quidquam
569 2187 603 2239 de
623 2201 658 2238 ea
676 2185 815 2255 proditum
832 2186 965 2252 reperies.
1016 2215 1023 2224 ·

120 2251 353 2420 ΗἭΜ.
375 2279 447 2348 nn,
466 2280 531 2336 ora.
561 2282 622 2336 ca.
645 2293 673 2350 p.
688 2276 746 2337 4³⁵
765 2295 806 2349 tq.
825 2276 926 2332 rnen
947 2277 989 2332 or.
1007 2277 1128 2338 mou.

147 2395 150 2404 ,
193 2377 223 2434 p,
343 2371 355 2383 “
370 2403 382 2418 ,
