2734 4676
483 369 677 390 -—-·
1032 335 1079 410 75

72 539 191 610 contra
218 519 402 590 'I'eleutiam
428 521 721 588 Lacedaemonium
754 524 890 592 Athenis
923 519 1082 616 profectus
1178 519 1180 528 ¹

71 625 118 690 ad
139 622 320 708 Mytilenen
355 634 438 686 teste
462 617 679 705 Xenophonte
704 625 826 711 appulit
849 627 985 714 indeque
1012 643 1084 692 cum

72 721 233 786 mllitibus
259 719 497 808 quadringentis
528 739 607 804 quos
631 741 739 786 secum
767 723 868 788 classe
898 724 1085 800 adduxerat,

77 816 232 884 exedum
256 814 466 892 Lesbiorum,
492 816 546 903 qui
571 813 749 898 Mytilenen
773 843 792 883 e
818 825 931 886 ceteris
954 819 1085 884 urbibus

75 915 309 1000 confugerant,
341 934 402 978 nec
436 932 501 1011 nop
529 915 671 1027 ipsorum
699 912 964 1000 Mytilenaeorum
988 939 1087 1004 opera

79 1013 247 1077 adiutus
236 1033 273 1076 m
301 1007 520 1093 Methymnam
546 1012 648 1094 primo
678 1015 913 1098 expeditionem
937 1017 1085 1100 suscepit.
1175 1029 1183 1075 :
1318 1025 1324 1045 ⁸

78 1107 188 1192 Quem
213 1129 285 1174 cum
308 1109 559 1195 appropinquare
576 1107 700 1172 audiret
721 1106 961 1189 Therimachus,
981 1135 1001 1176 a
1020 1124 1086 1186 La·

77 1207 297 1282 oedaemomis
317 1202 523 1289 Methymnae
539 1196 701 1270 hermesta
720 1211 918 1287 coustitutum,
938 1229 1009 1272 curn
1027 1211 1086 1270 mi-

80 1301 195 1368 hubas
211 1301 476 1381 malesuadis,
494 1299 607 1391 quihus
624 1300 871 1388 Methymnaei'
860 1309 923 1392 ipsi
943 1303 1088 1368 exsules·

82 1421 153 1489 que
169 1397 357 1505 Mytilenaei
377 1412 590 1477 accesserunt,
613 1395 739 1466 obviam
758 1404 805 1468 illi
825 1405 989 1490 processit.
1018 1399 1088 1467 Nec

84 1520 162 1562 vero
184 1479 338 1583 pr'ospera
357 1489 510 1562 fortuna
512 1493 642 1583 gavisus
664 1512 713 1562 est
740 1498 991 1576 Therimachus,
1025 1520 1087 1587 quo

79 1608 194 1683 png'na
220 1595 345 1660 devicto
372 1606 467 1682 atque
482 1595 649 1660 interfecto
668 1594 885 1680 Methymnam
907 1611 1090 1683 ceterasque

81 1691 189 1758 Lesbi
208 1690 315 1770 urbes,
340 1693 456 1782 [ιιιιίιιι
476 1693 616 1774 ipsarum
632 1691 795 1757 voluntate
815 1707 997 1771 commotas,
1016 1715 1089 1778 par-
1187 1705 1192 1722 ¹

82 1792 146 1856 tim
164 1792 199 1856 vi
220 1801 345 1854 coactae
358 1787 605 1856 Atheniensibus
622 1791 840 1856 reconciliavit
858 1788 1087 1874 Thrasybulus.

84 1883 418 1972 Xenophontem¹⁸⁰)
452 1908 558 1950 rerum
594 1887 708 1954 harum
749 1902 910 1955 auctorem
950 1889 1091 1976 sequitur

82 1983 262 2062 Diodorus,
290 1985 345 2071 qui
368 1995 474 2051 tumen
501 1982 735 2068 Thrasybulum
761 2009 826 2052 non
854 1987 895 2051 ad
914 1985 1095 2069 Mytilenen

82 2083 146 2150 sed
165 2082 208 2148 ad
231 2082 367 2146 Eresum
392 2080 551 2168 appulisse
577 2081 685 2170 ibique
711 2086 856 2160 trireme
883 2086 998 2170 viginti
1026 2097 1092 2146 tres

85 2181 259 2267 naufragio
279 2179 453 2266 perdidisse
472 2181 577 2244 uadit.

173 2275 318 2343 Lesbum
344 2276 407 2342 boc
432 2278 528 2343 modo
551 2291 769 2365 recuperatam
792 2299 902 2343 mrsus
921 2281 1094 2342 amiserunt

85 2375 316 2456 Athenienses,
342 2397 421 2462 pace
446 2375 634 2440 Antalcidea
662 2375 715 2441 01.
736 2372 889 2454 XCVIII,
914 2379 946 2438 2.
966 2396 1094 2459 compo-

87 2477 164 2554 sita,
185 2474 277 2538 cuins
294 2472 571 2560 legenseoundum
593 2470 843 2557 Xenophontem
856 2472 928 2562 ¹9¹)
944 2473 1006 2539 bae
1025 2473 1094 2536 lne-

88 2585 182 2639 runt:
200 2566 399 2657 Ἀρταξέρξης
420 2570 556 2657 βασιλεὺς
577 2571 687 2654 νομίζει
704 2571 829 2652 δίκαιον,
844 2569 910 2648 {scic
931 2569 984 2653 μὲν
1003 2570 1034 2633 ἐν
1054 2576 1094 2662 τῇ

88 2667 186 2749 Dicta
205 2663 306 2742 πόλεις
325 2667 438 2732 ἑαυτοῦ
461 2665 542 2749 εἶναι,
562 2668 614 2734 καὶ
633 2675 695 2733 τῶν
713 2667 812 2751 νήσων
831 2666 1026 2753 Κλαζομενὰς
1044 2665 1096 2731 nol

94 2765 234 2852 Κύπρον.
256 2763 315 2840 τὰς
339 2764 373 2830 δὲ
400 2764 495 2841 ἄλλας
520 2763 695 2848 Ἑλληνίδας
718 2764 827 2845 πόλεις,
846 2766 898 2829 καὶ
917 2765 1021 2850 μικρὰς
1044 2762 1112 2826 και

96 2863 225 2950 μεγάλας
241 2861 429 2948 αὐτονόμους
443 2864 572 2946 ἀφεῖναι,
591 2860 668 2943 πλὴν
690 2861 817 2944 Λήμνου
835 2861 887 2926 καὶ
900 2863 1026 2947 Ἴμβρου
1045 2859 1097 2922 καὶ

94 2961 234 3050 Σκῦρου·
259 2961 376 3038 ταύτας
403 2960 446 3043 δὲ,
474 2962 570 3046 ὥςπερ
597 2959 634 3023 τὸ
663 2957 798 3044 ἀρχαῖον,
823 2956 896 3022 εἶναι
921 2957 1097 3039 Ἀθηναίων.

93 3063 163 3142 Sed
182 3064 240 3128 vix
259 3085 318 3148 per
336 3063 471 3128 duonum
492 3079 647 3125 annorum
668 3061 804 3155 spatium
823 3061 912 3144 pacis
927 3055 1012 3120 illins
1023 3073 1099 3118 con·

95 3161 235 3228 ditionets
255 3186 276 3230 a
295 3160 559 3226 Lacedaemoniis
579 3170 723 3222 servatae
744 3169 835 3234 sunt,
859 3159 913 3242 qui
933 3155 1039 3218 omnia
1059 3152 1100 3216 ad

15 3321 18 3326 .
96 3258 284 3326 Graeciae
274 3261 441 3376 imperium
458 3269 568 3324 contra
587 3258 639 3320 ius
664 3255 774 3342 fasque
801 3253 1007 3318 obtinendum
1025 3272 1100 3314 con·
1217 3264 1225 3283 ⁴

94 3371 260 3424 vertentes
289 3361 455 3422 universas
483 3355 550 3420 lere
577 3355 738 3431 civitates,
768 3353 862 3439 inque
886 3355 928 3415 iis
954 3348 1102 3423 Lesbius,

93 3459 248 3543 potestati
273 3477 352 3520 suae
377 3453 589 3520 subiecerunt.
631 3449 712 3516 Cum
734 3462 839 3516 autem
861 3468 972 3534 aspere
993 3468 1031 3510 ac
1049 3467 1102 3508 su·

94 3552 197 3640 perbe
225 3552 370 3618 civitates
392 3551 465 3616 illas
491 3563 661 3614 mactarent
687 3543 953 3623 Lacedaemonii,
986 3533 1108 3608 multae

96 3673 222 3730 emnm,
241 3654 325 3715 inter
345 3672 423 3739 quas
441 3647 551 3724 Chius,
573 3634 704 3712 Rhodus
726 3659 758 3708 et
775 3643 940 3729 Mytilene,
969 3640 1023 3705 01.
1042 3638 1103 3724 C}

129 3901 133 3908 ·
174 3882 233 3945 ¹⁸⁰)
253 3875 327 3935 ιιιιι.
345 3881 393 3932 or.
412 3879 460 3943 iv,
479 3876 505 3941 s,
522 3877 561 3931 ιιι
575 3901 609 3914 -
630 3872 675 3927 ιο.

147 3969 149 3974 ’
176 3975 236 4038 ¹⁸¹)
255 3977 329 4029 tint
348 3975 447 4026 Graec,
467 3971 500 4035 V,
520 3970 545 4035 l,
563 3969 609 4022 ³1.
630 3968 671 4021 cl.
689 3967 803 4020 Diodor.
822 3964 896 4027 XIV,
917 3959 1020 4016 aito.
1049 3961 1104 4014 lao-

102 4063 174 4110 orat.
192 4055 351 4126 symmach.
370 4072 392 4109 c.
410 4056 455 4111 25.
476 4071 501 4124 p.
523 4050 586 4108 19³.
607 4052 673 4106 edit.
692 4050 809 4104 Bckker·
