2734 4676
984 375 1264 504 cc.

120 621 173 672 ter
195 607 302 670 accim
320 623 392 670 cun
410 604 661 672 Atheniensibus
680 615 757 676 anui
771 615 934 700 coquenda
955 612 1127 680 meueelu·

121 706 180 768 nio
195 705 231 766 in
252 699 393 796 Siciliam
411 704 570 788 protector
588 721 793 773 revomantur
809 732 830 774 a
854 707 1042 794 Thucydide
1053 712 1063 747 ¹
1075 711 1126 794 Η)
1274 767 1277 776 .

118 797 342 883 Mcfflyuuuaei
360 799 448 864 ναυσὶ
467 800 520 864 acl
540 799 578 866 οὐ
598 800 686 884 φόρῳ
715 800 851 885 ὑπήκοοι.

202 895 449 964 Atheniensium
466 901 503 964 in
520 899 631 966 Sicilia
647 900 738 965 clade
756 905 894 989 cognite,
913 923 1023 970 eorum
1041 906 1124 970 accii

59 1048 63 1055 ,
121 997 236 1086 ubique
260 991 410 1060 vacillare
435 1009 619 1082 coeperunt.
659 995 803 1074 *Decimo
825 1021 911 1066 ucno
931 1000 1008 1068 belli
1025 1021 1121 1078 auno,

120 1091 255 1161 Octobri
277 1105 434 1172 exeunte,
458 1094 510 1158 vel
534 1096 665 1174 ineunte
700 1092 889 1174 Novembri,
915 1097 1121 1164 Euhoeemea

115 1193 257 1280 Agidem
279 1189 608 1256 Lacedaemoniorum
634 1213 744 1278 regern
770 1195 806 1256 in
821 1192 930 1258 Attica
950 1195 1034 1280 apud
1053 1192 1120 1259 De-
1167 1259 1170 1268 ,

116 1289 240 1356 eeleam
259 1300 327 1352 tum
353 1288 503 1373 temporie
522 1299 702 1353 versantem
721 1290 762 1354 de
779 1290 956 1356 delectione
973 1292 1119 1356 indenda

119 1387 274 1462 adierunt,
293 1385 349 1471 qui
370 1383 552 1449 conditione
569 1397 701 1468 accepta
715 1385 920 1454 Alcameuem
940 1401 973 1454 et
992 1385 1118 1453 Melan-

118 1483 206 1570 thum
225 1493 400 1568 praetores,
424 1480 668 1548 Lacedaemone
688 1486 876 1563 ementitos,
896 1483 1116 1551 cumNeoda·

114 1583 245 1646 modum
267 1581 436 1656 trecentis,
461 1577 703 1644 Euboeeneibra
733 1579 855 1645 auxilio
883 1585 1007 1646 mittere
1039 1602 1116 1647 cou-

110 1680 225 1742 stituit.
263 1675 386 1747 Eodem
407 1688 556 1762 tempore·
569 1676 678 1763 legati,
696 1675 736 1741 ab
759 1700 798 1742 ea
817 1677 1009 1744 Lesbiorum
1024 1690 1115 1764 parte

112 1797 198 1862 quae
224 1773 490 1838 Lacedaemoniis
517 1773 642 1840 addicta
675 1788 744 1840 erat
763 1778 864 1854 mirei,
898 1787 1114 1840 convenerunt

113 1871 263 1958 Agldem·
306 1867 379 1934 llex
399 1869 547 1956 precihus
564 1869 691 1940 illorum
710 1887 744 1940 at
762 1872 957 1940 Boeotorum
976 1874 1031 1960 qni
1047 1873 1113 1936 Le·

111 1969 192 2036 abiit
209 1964 359 2032 favebant
378 1966 599 2034 adhortatione
621 1986 807 2051 commotos,
831 1957 989 2037 cementa
1006 1971 1112 2055 priore

108 2081 246 2145 munta,
271 2064 477 2132 Alcamenen
499 2079 679 2152 praetorem
708 2071 742 2132 ln
768 2067 933 2134 Euboeam
952 2066 1112 2156 proficienti

107 2155 255 2253 paratum
275 2183 347 2228 cnm
366 2163 476 2230 decern
495 2163 630 2230 uavihue
651 2164 793 2230 Lesbum
815 2166 954 2253 allegare
961 2164 1112 2230 insulam·

109 2285 173 2350 quc
197 2258 445 2327 Atheniensibus
474 2251 596 2346 eripere
622 2265 740 2326 statorit.
790 2256 894 2326 Etiam
928 2262 1110 2340 Boeotiae

108 2361 220 2426 decem
242 2349 558 2442 ucveo'praebicuroe
573 2358 707 2446 polliciti
719 2374 803 2426 eunt.
816 2357 886 2445 ¹⁴³)
924 2355 1011 2423 Dum
1030 2356 1112 2421 haec

24 2481 29 2492 ·
90 2456 193 2544 -apud
220 2452 394 2522 Deceleam
419 2470 605 2542 egerentur,
634 2455 708 2522 chii
725 2474 758 2523 et
775 2457 943 2543 Erythraei
964 2455 1007 2521 ad
1022 2455 1111 2540 ipaoa

103 2553 382 2619 Lacedaemonios
395 2553 435 2617 de
454 2554 635 2620 delectione
652 2577 689 2620 ae
708 2568 941 2633 converterunt,
952 2555 962 2590 ¹
973 2551 1023 2638 ⁴⁹)
1041 2553 1110 2640 qui·

106 2649 240 2718 hiscem
268 2663 302 2714 et
326 2648 492 2737 Colligitur
525 2664 618 2739 atque
640 2651 842 2740 Timagorae,
864 2677 885 2717 a
901 2647 1108 2718 Pharnabazo

101 2752 160 2836 ,qui
179 2741 475 2834 Aaiaejirorincim
494 2751 535 2814 ad
555 2749 692 2816 Pontum
704 2749 866 2816 Euiinnnr
883 2754 961 2818 altas
977 2745 1109 2834 regebat

105 2848 207 2922 misai,
231 2846 443 2926 advenerunt,
470 2860 506 2910 ut
526 2850 668 2910 maxime
692 2848 957 2912 Lacedaemoniis
972 2848 1108 2908 oriretur

110 2945 287 3022 contentio,
315 2945 378 3008 utri
405 2947 510 3029 potius
530 2944 932 3029 promitterentanxilium.
960 2939 1107 3006 Tandem
1151 3002 1156 3010 ,
1245 2983 1249 2992 ·

102 3038 271 3131 Alcibiade
296 3043 441 3126 inprimis
468 3055 615 3121 auctore,
643 3040 733 3106 Chiis
760 3055 792 3105 et
815 3038 1034 3125 Tieraphenri,
1052 3040 1105 3122 qui

101 3138 356 3224 Peloponneaior
365 3137 534 3204 Persarum
547 3144 617 3226 regi
631 3140 852 3205 conciliaturm
868 3137 993 3223 legator
1008 3133 1105 3219 Spar·

102 3252 169 3300 tarn
192 3237 332 3312 mearat,
360 3238 448 3320 priua
474 3259 566 3322 opem
594 3238 677 3302 ferre
700 3237 907 3304 decreverunt
924 3234 1105 3301 confertim·

55 3387 59 3394 ,
100 3353 257 3419 quocum
278 3330 369 3423 Chilo
390 3332 616 3416 etErythracia
636 3339 821 3400 societatem
842 3330 1042 3397 conflarunt*
1055 3328 1104 3412 ὀ)

97 3429 266 3496 Viceaimo
287 3429 362 3494 belli
379 3451 475 3508 auno,
494 3454 568 3494 vere
589 3435 730 3508 ineunte,
748 3430 997 3496 Lacedaemonii
1015 3427 1104 3511 lega·

98 3539 152 3592 tos
172 3541 238 3592 trec
258 3526 447 3592 Corinthum
464 3530 627 3605 miserunt,
646 3532 698 3614 qui
721 3551 776 3614 per
796 3527 947 3617 lsthnrurn
968 3527 1000 3588 in
1016 3547 1103 3590 merc

95 3623 186 3710 quod
215 3621 359 3688 Athenas
384 3636 505 3710 spectat
532 3626 692 3688 transvehi
726 3619 875 3690 inherent
899 3645 1012 3700 naver,
1036 3635 1102 3686 tum

171 3856 231 3918 ¹⁴⁷)
250 3856 313 3910 Lib.
332 3857 389 3920 Vll,
409 3857 454 3913 57.

171 3950 228 4009 ¹⁴⁸)
249 3945 405 4017 Thucydid.
427 3951 500 4016 Vlll,
517 3952 543 4006 b.

172 4044 180 4070 ¹
188 4043 230 4100 ⁴⁸)
251 4041 407 4111 Thucydid.
427 4045 473 4096 l.l.

172 4134 231 4196 ¹⁵⁰)
249 4133 410 4205 Thucydid.
426 4135 498 4201 Vlll,
516 4140 542 4192 6.
