2772 4684
359 873 575 966 CAPUT
611 873 891 968 PRIMUM.

552 1060 700 1084 m

437 1153 587 1231 Insulae
607 1152 816 1252 descriptio.

119 1387 186 1516 Ε
200 1459 336 1542 regione
356 1453 463 1523 Canes
483 1445 691 1546 promontorii
711 1451 849 1537 Mysiae,
868 1453 1033 1520 meridiem
1053 1475 1126 1522 vera

118 1579 176 1622 sus
204 1559 241 1620 iu
268 1575 355 1618 mare
372 1551 540 1638 Aegaeum
560 1554 710 1638 porreeti,
730 1549 860 1614 infimus
879 1549 955 1616 finis
974 1556 1054 1619 situs
1076 1569 1126 1620 est

117 1653 233 1732 Lesbi,
255 1674 335 1740 quae
364 1653 457 1736 iuxta
481 1671 570 1714 oram
595 1647 736 1733 Mysiam
764 1649 936 1714 decurrens
960 1650 1044 1715 ultra
1059 1653 1126 1718 Le·
1199 1703 1204 1710 .

117 1765 206 1816 ctum
233 1751 484 1836 promontorium
520 1749 712 1811 extenditur.
783 1743 904 1811 Contra
937 1745 1126 1834 Argennurn

118 1850 381 1936 promontorium,
408 1848 511 1930 magis
529 1867 622 1948 quam
645 1858 770 1909 ceterae
803 1843 928 1908 insulae
956 1859 1062 1932 parter
1089 1852 1125 1914 in

119 1948 369 2032 septentrionem
389 1963 537 2028 vergens,
556 1927 681 2006 iacebat
700 1941 803 2009 Ausus
823 1945 1126 2029 sexagintaatadio-

117 2065 190 2108 rum
217 2044 320 2128 spatio
350 2065 370 2106 a
393 2039 504 2106 Lesbo
524 2053 664 2115 remota;
699 2039 847 2104 orientali
879 2041 1004 2108 insulae
1037 2043 1125 2108 litori

118 2143 286 2227 oppositae
314 2152 406 2232 erant
430 2137 674 2218 Adramyttium,
702 2135 874 2214 Atarneus,
893 2137 1008 2206 Pitane
1027 2141 1126 2206 aliae-

121 2260 185 2324 que
199 2235 307 2300 nrbes.
318 2236 347 2320 ¹)
384 2235 449 2300 Hie
465 2231 590 2297 insulae
609 2234 688 2294 situs
709 2245 759 2294 eet
778 2235 946 2319 proximae
960 2239 1126 2302 continen-

122 2336 163 2397 tis
177 2345 348 2419 respectu.
396 2331 433 2396 Si
460 2351 548 2395 mare
575 2329 715 2392 vicinum
743 2330 937 2407 consideres,
958 2331 1125 2400 Lesbusa

112 2431 251 2495 ¹meridie
273 2443 305 2493 et
323 2427 363 2492 ab
384 2430 550 2493 occidente
570 2448 631 2490 nee
652 2447 717 2490 non
734 2430 849 2516 partim
868 2450 888 2494 a
908 2430 1125 2514 septentrione

116 2530 202 2593 mari
221 2525 362 2614 pulsatur
379 2525 524 2612 Aegaeo.
567 2521 732 2606 Orientale
752 2541 784 2592 et
803 2527 919 2612 partim
936 2529 1127 2612 septentrio-

118 2625 194 2690 nale
214 2623 336 2689 insulae
357 2624 433 2689 litua
453 2624 508 2688 illa
527 2624 624 2686 maria
640 2619 766 2706 Aegaei
782 2645 857 2709 pars
877 2623 977 2702 alluit,
999 2629 1050 2697 eui
1062 2625 1127 2692 alii

117 2723 351 2806 Adramytteni‚
378 2722 434 2786 alii
454 2720 543 2786 Idaei
563 2723 1018 2807 sinusuomenimpoauerunt.
1046 2722 1127 2787 Pro·

117 2823 188 2908 prie
202 2820 372 2884 ¹enirn‘ille
392 2833 513 2884 tantum
539 2822 638 2896 mnus,
662 2821 716 2904 qui
737 2821 952 2903 promontorio
974 2818 1127 2905 Gargaris

124 2931 157 2980 et
174 2920 388 3000 promontorio
408 2917 531 3002 Pyrrha
554 2915 735 2992 includitur,
759 2912 980 2996 Adramytteni
1000 2915 1126 2980 titulum

119 3013 265 3100 gerebat,
289 3011 425 3102 posthae
453 3037 530 3081 vero
553 3027 621 3078 tota
645 3014 742 3078 maria
770 3010 895 3097 Aegaei
916 3033 991 3096 pars
1011 3011 1126 3078 iudea

117 3115 338 3197 promontorio
360 3110 450 3181 Ca'ue
470 3133 571 3202 usque
588 3113 629 3178 ad
644 3112 781 3178 Lectum
799 3131 839 3174 eo
860 3110 989 3172 nomine
1017 3106 1125 3195 appel·
1186 3163 1188 3166 .

117 3207 185 3274 lata
203 3222 261 3274 est.
274 3209 305 3295 ²)

11 3509 15 3516 μ
90 3437 92 3440 ’
190 3433 807 3539 ¹)Jtasuab0XIll,p.251aq.Tzecb.
838 3433 917 3488 cuine
942 3433 1031 3487 verba
1054 3430 1126 3488 haee

117 3522 199 3570 eunt·
219 3511 277 3572 ἅπὸ
293 3522 402 3576 Λεκτοῦ
419 3518 449 3575 δὲ
464 3519 542 3592 μέχρι
558 3516 667 3574 Koi'ixou
684 3537 809 3592 ποταμον
794 3513 870 3571 ’καὶ
892 3515 944 3570 τῶν
960 3513 1060 3570 Κανῶν
1075 3516 1127 3568 τῶν

118 3595 265 3669 Μῡμὲνων
280 3597 382 3656 lori*
353 3621 387 3655 τα
405 3599 469 3675 περὶ
486 3597 589 3700 ”Aeone
605 3597 653 3656 καλ
665 3594 874 3700 'Adpwbmov
874 3591 944 3652 uol'
938 3595 1062 3670 Αταρνὲα
1080 3591 1127 3648 καλ

115 3675 240 3746 Πιτάνην
254 3676 344 3734 καλ
317 3699 365 3735 τον
380 3677 460 3735 ’Ele'
448 3678 533 3736 ιτικόν
558 3681 665 3746 κόλπον,
691 3700 732 3744 otc
754 3699 839 3736 uootv
855 3675 1030 3750 ἆντιπαρὴκει
1043 3673 1061 3745 ἡ
1076 3674 1128 3728 teir

113 3759 246 3830 Λεσβίων
266 3761 345 3828 νῆσος
367 3783 394 3818 κ.
409 3782 431 3816 τ.
456 3763 480 3815 λ
501 3763 554 3818 llla
575 3771 686 3818 tamen.
717 3760 765 3817 aul
785 3760 833 3817 abr
851 3756 1003 3817 Ἐλαῒτικὸν
1026 3755 1128 3811 κόλπον

115 3838 222 3894 Strabo
240 3855 295 3894 nou
312 3851 388 3898 reete
407 3846 528 3915 scripsit.
563 3848 603 3902 Cf.
622 3847 738 3916 quaein
755 3846 882 3915 proxima
902 3848 971 3898 nota
993 3841 1126 3894 dicentur.

188 3931 429 3995 ²)StraboX111.
458 3937 565 4008 pin.
591 3938 692 3993 Tareb.
721 3940 809 3993 κεῖται
832 3935 911 3991 δὲτα
901 3929 1102 4005 reformate

111 4005 209 4084 ὧρας
223 4011 355 4085 ποωίσης
371 4015 420 4074 τὸν
436 4014 510 4084 totta
523 4016 736 4094 Ἆδραμυιιηνὸν
752 4011 1070 4163 καλούμεηιιΑκόλπον.
