2746 4670
460 404 464 410 ·
510 394 711 414 ·---·-·-
1045 357 1112 422 183

95 531 165 626 ¹nn
185 556 228 622 ad
248 547 414 618 minium
433 542 623 628 Olympiade
641 541 698 606 illa
720 556 796 619 nata
817 557 895 608 erat.
907 573 910 579 ·
922 531 1041 632 Vitam
1059 547 1114 608 de-

101 662 191 746 gisse
214 649 358 749 putanda
375 659 425 710 est
442 663 542 730 nsque
560 643 602 706 ad
622 654 765 723 tempora
781 637 960 720 Amastrin,
981 665 1043 730 quo
1064 650 1115 706 η.

104 764 228 846 gnante
257 746 442 820 Charaxus,
472 758 565 829 quem
591 741 743 802 conviciis
763 741 799 802 in
819 740 1011 816 carminibus
1029 745 1118 804 inse-⁴
1204 747 1209 754 “

105 864 191 919 cteta
223 860 272 912 est
309 840 455 928 Sappho,
487 837 671 904 Naucratim
690 827 862 924 'pervenit'
885 837 1116 924 Rhodopinquo
1213 896 1220 906 ,
1312 873 1314 880 ,

8 1015 12 1018 ,
103 947 305 1029 meretricem
330 937 481 1005 servit'ute
513 937 657 1000 redemit.
711 933 839 998 Amasis
869 957 948 1000 vero
985 936 1116 1020 adeptus

106 1048 158 1114 est
184 1044 351 1130 imperium
377 1058 461 1100 anno
490 1037 583 1097 tertio
603 1031 800 1115 Olympiadis
826 1035 1115 1120 quinquagesimae.

87 1145 288 1228 =Sexaginta
321 1137 419 1222 igitur
452 1147 484 1197 et
510 1132 594 1218 qnod
627 1133 767 1195 excurrit
797 1151 899 1194 annos
928 1133 1004 1193 nata'
1039 1142 1118 1203 erat,
1225 1124 1232 1140 ‘

105 1262 180 1310 eum
208 1233 438 1304 contumeliosa
464 1227 499 1294 in
520 1230 656 1294 ,fratrem
675 1230 805 1314 eiusque
829 1226 983 1312 amasiam
1001 1229 1119 1292 conde-

106 1354 160 1408 ret
178 1339 327 1403 carrina.
369 1327 442 1404 Quo
464 1349 549 1392 anno
570 1340 663 1390 natus
687 1328 729 1389 sit
752 1325 923 1392 Anacreon
943 1325 1041 1414 plane
1062 1346 1119 1389 ne·

17 1515 24 1526 .
109 1441 237 1506 scimus.
286 1432 369 1516 Eum
394 1430 428 1491 in
459 1425 531 1488 aula
549 1417 739 1506 Polycratis
753 1420 879 1506 tyranni
898 1443 1047 1506 magnam
1072 1425 1121 1484 vi-

106 1552 176 1601 tae·
194 1538 319 1616 partein
344 1526 538 1608 transegisse
570 1531 704 1585 constat.
751 1519 802 1584 Ab
832 1520 1016 1604 Hipparcho
1046 1524 1121 1584 nati

109 1621 341 1728 qninquaginta
365 1644 525 1688 remorum
552 1618 696 1684 Athenas
725 1631 836 1682 rectus
861 1632 920 1696 est,
947 1632 1026 1682 teste
1049 1617 1121 1684 Pla·
1149 1637 1155 1656 =

108 1747 197 1797 tone.
246 1724 319 1789 Hoc
342 1735 416 1807 post
440 1718 617 1801 Polycratis
638 1736 750 1780 necem
776 1712 842 1798 (Ol.
864 1711 989 1792 LXW,
1012 1715 1053 1798 i.)
1074 1704 1121 1779 fa·

112 1840 293 1916 ctum‘esse
324 1821 431 1898 credo,
459 1816 601 1905 quamvis
627 1815 663 1880 id
681 1814 799 1878 diseroe
827 1833 893 1877 non
911 1813 1030 1876 indicet
1050 1811 1155 1876 Plau

39 1955 46 1972 .
110 1941 157 1992 to.
197 1919 281 1988 Nam
299 1933 467 2006 antequam
489 1937 507 1979 e
530 1914 610 1983 vivis
626 1913 799 1978 excederet
815 1910 1010 1994 Polycrates,
1037 1908 1124 1974 nulla

110 2022 309 2090 Anacreonti
334 2017 424 2084 Sami
452 2010 718 2099 derelinquendas
739 2009 849 2072 aderat
876 2029 999 2072 caussa.
1042 2005 1124 2090 Hip·
1230 2060 1240 2088 κ

108 2120 249 2209 parchus
276 2138 362 2183 anno
394 2116 488 2180 tertio
525 2107 723 2194 Olympiadis
753 2107 975 2190 sexagesimae
1010 2119 1124 2170 sextae
1152 2112 1169 2149 ’·

111 2221 153 2287 ab
179 2217 357 2284 Haim0dio
387 2227 419 2278 et
444 2211 662 2294 Aristogitone
691 2205 875 2270 interfectus
904 2215 962 2266 est.
1003 2201 1125 2266 *Utrum

21 2354 24 2362 ⁴
112 2319 156 2383 ad
176 2317 214 2382 id
237 2333 337 2401 usqne
360 2323 483 2391 tempus
503 2307 639 2372 Athenis
666 2305 749 2368 vixit
767 2301 1024 2379 Anacreoman
1050 2321 1126 2377 non,
1178 2290 1184 2298 “

111 2419 252 2504 ignoro.
276 2410 389 2496 Neque
412 2427 530 2478 annum
551 2425 614 2491 quo
643 2413 785 2466 mortuus
807 2400 850 2461 sit
868 2410 965 2479 poeta
985 2395 1126 2461 iudicare

93 2531 258 2604 possum.
305 2509 468 2574 Lucienus
498 2494 580 2568 e¹urn
597 2519 699 2592 annps
727 2499 889 2582 octoginta
914 2498 1052 2583 qninqnc
1070 2516 1128 2558 na·
1230 2511 1235 2520 ·

115 2626 185 2677 turn
214 2607 296 2672 diem
323 2625 506 2687 supremum
535 2599 653 2665 obiisse
681 2594 814 2674 ait‚⁹cui
838 2596 1043 2678 scriptoriin
1068 2592 1129 2656 hac

91 2707 150 2778 ¹re
171 2726 284 2790 parum
304 2703 507 2768 tribuendum
529 2719 604 2764 'esse
626 2707 766 2780 apparet.
813 2691 927 2757 Atiae
951 2713 1029 2755 vera
1056 2711 1129 2755 nar·
1250 2755 1258 2778 .

43 2833 47 2837 ·
117 2803 399 2876 menusanum·
419 2811 451 2862 et
469 2793 661 2881 pone,·sub
679 2791 777 2854 finem
798 2787 851 2853 Ol.
872 2786 996 2858 LXVI.
1019 2789 1129 2850 daces·
1171 2827 1181 2838 -

117 2906 216 2968 aisse·
236 2899 491 2971 Anacreontem,
523 2907 598 2956 tuno
621 2891 700 2954 eius
730 2907 832 2951 annus
864 2885 977 2949 natalis
1007 2883 1049 2948 ad
1076 2880 1130 2947 Oi.

15 3059 21 3066 ,
117 2997 227 3068 XLV.
247 2995 434 3064 referendus
453 2993 545 3056 foret.
595 2987 697 3052 Vides
725 3006 766 3048 ne
788 2987 834 3048 sic
858 2983 982 3069 quidem
1004 2993 1131 3064 poetam

114 3077 208 3165 ilhun
228 3115 368 3181 unquam
391 3087 566 3154 amaturum
586 3087 685 3150 fuisse
707 3081 919 3168 Sapphonem.
968 3079 1035 3144 Sed
1058 3097 1132 3161 pro·

95 3191 172 3262 „ml
208 3193 305 3260 dubio
336 3191 444 3274 longo·
470 3199 542 3271 post
574 3183 626 3248 01.
645 3179 757 3246 XLV.
781 3183 928 3262 'ternpore
956 3188 1049 3241 naurs
1084 3186 1134 3237 est

119 3299 303 3367 Anacreon,
334 3307 405 3354 cnm
435 3284 521 3351 haud
546 3281 715 3346 verisimile
734 3281 786 3357 sit,
813 3300 885 3341 eura
907 3275 1134 3362 quinquaginta

2 3435 5 3442 ν
120 3394 216 3458 annis
239 3392 393 3456 maiorem
416 3375 528 3459 fuisse,
555 3403 627 3446 cum
660 3378 756 3444 Samo
782 3375 925 3442 Adrenas
953 3369 1135 3454 proficisce·

84 3535 88 3548 A
120 3503 364 3662 retu‚lhilcaeum
390 3553 572 3662 sapphonis
600 3576 662 3640 sibi
686 3572 834 3640 ambiisse
860 3592 1019 3646 amorem,
1053 3563 1158 3649 apud.

34 3687 50 3696 “
123 3685 327 3752 Athenaeum
346 3678 401 3742 lib.
422 3673 512 3742 Xffl.
541 3668 577 3758 p.
595 3673 667 3739 596.
689 3672 726 3737 C.
747 3671 842 3734 tradit
858 3668 1110 3732 Herrnesianax:

178 3855 181 3864 .
212 3780 344 3862 Λέσβιος
360 3773 497 3846 Ἀλκαῖος
524 3770 557 3835 δὲ
578 3767 695 3856 adeone
716 3765 875 3842 ἀνεδέξατο
895 3761 1012 3846 κώμους
1043 3764 1049 3778 “

280 3877 430 3955 Σαπφοῦς
449 3872 600 3957 φορμίζων
623 3866 774 3954 ἱμερόεντα
794 3864 907 3943 πόθον,

213 3969 387 4054 γιγνώσκεις
409 3967 480 4030 d'd'
501 3969 604 4042 ἀοιδὸς
624 3962 752 4048 ἀηδόνος
767 3957 909 4048 ἠράσαθ’
932 3957 1028 4038 ὕμνων

286 4067 382 4150 Τήϊον
405 4064 540 4145 ἀλγύνων
568 4052 667 4153 o't'rdpc
688 4057 890 4152 πολυφραδίῃ.
939 4129 942 4134 Δ
972 4144 979 4160 ι

256 4349 260 4364 ’
308 4343 319 4374 Χ
