2746 4670
496 335 705 363 '············
1033 317 1100 388 155

92 517 172 560 otor
214 509 250 560 et
288 495 447 584 Diogenis
492 481 683 600 'litgium
727 498 890 582 ἆπίζυγοι
937 503 1102 573 Ceterum
1198 575 1203 590 ,

92 596 253 682 megedin
287 597 427 660 eamdem
460 615 533 662 esse
573 617 644 659 cum
682 597 831 664 Graeca
845 603 972 686 pectide
1018 603 1104 670 affir-
1134 619 1141 626 '

95 707 192 760 mant
234 692 447 758 Aristoxenus
487 705 520 756 et
566 690 796 762 Menaechmus
851 697 1101 784 Sicyonius,⁶¹)

100 791 198 856 ambo
220 795 426 857 instrumenta
445 778 529 856 inber
560 813 596 855 se
626 793 738 858 differe
755 795 921 881 perhibent
937 796 1104 885 Diogenes

103 889 259 978 'l'rag'ious
285 902 320 954 et
350 889 462 954 Phillir
496 869 621 954 Delius.
631 888 681 975 Η)
736 893 881 960 Priorum
914 900 1104 964 sententiam

103 991 242 1076 quamvis
276 1009 387 1052 veram
412 1000 538 1075 putem,
563 987 642 1051 illud
665 1001 771 1054 tamen
795 991 874 1056 mihi
899 999 1104 1078 persuasissi-

95 1111 183 1164 mum
202 1103 264 1166 est,
282 1087 439 1175 pectidem
458 1086 604 1169 Lydiam,
628 1089 718 1151 cuius
736 1093 879 1154 meminit
896 1092 1062 1171 Pindarus,
1083 1117 1104 1158 a

92 1188 268 1274 magadide
296 1189 377 1275 quae
406 1177 594 1269 'l'erpaudro
624 1199 751 1274 reperta
781 1186 944 1266 tribuitur,
973 1212 1104 1276 prorsus

92 1286 308 1371 discrepasse.
361 1281 445 1347 Nam
471 1285 501 1346 si
520 1285 624 1368 pectis
650 1283 706 1348 illa
732 1287 974 1351 instrumentum
996 1305 1065 1353 erat
1084 1314 1105 1354 a

9 1379 26 1394 ”
50 1394 54 1404 “
90 1383 268 1470 magadide
297 1381 383 1446 haud
402 1381 571 1458 diversum,
596 1380 629 1445 h.
652 1404 680 1444 e.
711 1382 864 1468 diapason
885 1384 948 1448 duo
966 1387 1104 1472 comple·

92 1494 200 1560 otene,
217 1501 283 1546 non
303 1479 398 1543 video
420 1478 568 1565 quidnam
587 1482 719 1564 ingenio
740 1476 919 1563 'l'erpandri
937 1486 1103 1548 invenien-

91 1579 175 1643 dum
193 1577 339 1643 relietum
357 1577 463 1640 fuerit.
512 1575 577 1640 Sed
602 1589 670 1640 tota
687 1577 817 1641 Pindari
839 1579 879 1642 de
900 1577 1024 1644 barbito
1046 1603 1103 1645 seu

89 1677 268 1762 mugadide
288 1675 428 1741 namatio
447 1673 526 1738 mihi
545 1674 662 1738 valde
653 1687 773 1739 mcerta
786 1676 920 1756 videtur,
940 1699 994 1765 qur
983 1677 1105 1765 ¹·Terp

94 1774 236 1837 andrum
265 1775 400 1859 primum
424 1773 626 1836 instrumenti
655 1773 741 1836 illius
777 1776 976 1840 inventorem
1004 1777 1106 1841 fuisse

94 1871 304 1936 vehementer
337 1860 486 1934 dubitem.
548 1868 630 1933 Cum
666 1868 894 1937 Menaechmus
935 1873 1106 1957 Sicyonius

96 1970 186 2055 apud
219 1967 421 2034 Athenaeum
453 1965 508 2030 lib.
537 1963 630 2031 XIV.
654 1990 686 2053 p.
708 1966 780 2029 635.
808 1955 836 2030 B
866 1983 898 2032 et
925 1970 953 2033 E
980 1974 1104 2056 pectide

96 2064 237 2145 Graeca,
262 2089 357 2154 quam
384 2065 528 2129 eamdem
554 2087 626 2128 esse
655 2067 700 2127 ait
725 2086 796 2126 cum
822 2068 1011 2150 magadide,
1024 2065 1105 2154 Sap-

94 2163 238 2249 phonem
265 2167 396 2251 primam
425 2184 516 2226 usam
543 2183 615 2226 esse
634 2160 762 2238 scribat,
779 2161 872 2226 facile
892 2187 932 2228 eo
955 2165 1105 2242 adducor,

97 2273 137 2325 ut
161 2260 281 2328 calculo
318 2263 481 2346 scriptoris
508 2258 602 2324 buius
628 2262 803 2322 narrationi
828 2259 963 2338 adiecto,
987 2265 1104 2326 instru-

96 2359 200 2424 menti
225 2355 311 2423 illius
341 2361 575 2434 inventionem,
608 2359 750 2442 poetriae
782 2354 998 2438 Mytilenaeas
1026 2363 1105 2422 assi·
1158 2391 1159 2398 ι

79 2507 84 2521 .
97 2455 490 2541 guandam,aPindaro·in
499 2453 721 2539 Terpandrum
731 2455 991 2538 poetioalicentia
1003 2469 1105 2520 trans·
1180 2499 1188 2506 -

96 2555 199 2618 latum
212 2575 281 2618 essc
296 2551 438 2618 arbitrer.
468 2551 681 2616 Redeundum
695 2550 787 2624 nobis
800 2556 859 2617 erit
872 2553 1009 2619 adhunc
1026 2575 1106 2632 rem,

98 2673 173 2716 oum
199 2651 364 2715 advitam
391 2647 572 2734 Sapphonis
600 2651 808 2715 enarrandam
829 2656 1077 2736 pervenerimus.

185 2745 408 2836 'l'erpandrurn
428 2747 631 2823 carurinibus,
653 2761 719 2810 tum
739 2752 817 2824 suis,
837 2762 904 2814 trun
925 2750 1106 2839 Homericis

103 2859 220 2911 certam
258 2859 290 2910 et
322 2856 520 2908 constantem
551 2843 720 2908 melodiam
748 2847 883 2958 pr'pnum
916 2829 1105 2930 applicuisse

101 2965 223 3032 eaque
234 2945 269 3007 in
306 2939 530 3007 certaminibus
556 2937 690 3025 publicis
715 2943 868 3006 cecinisse
892 2965 912 3006 a
936 2944 1106 3009 Plutarcho

97 3043 274 3106 memoriae
293 3039 452 3124 proditum
473 3053 533 3115 est,
555 3039 607 3122 (de
625 3041 747 3102 musica
769 3059 795 3100 c.
818 3035 886 3122 ΠΙ.)
905 3040 956 3101 καὶ
975 3041 1036 3121 γὰρ
1056 3040 1108 3104 τὸν

101 3135 312 3220 Τέρπανδρον,
340 3136 398 3215 ἔφη
426 3134 457 3218 (ὃ
475 3135 672 3220 Ἡρακλείδης
700 3135 731 3196 dv
756 3139 793 3227 τῇ
823 3137 980 3230 συναγωγῇ
997 3136 1058 3200 τῶν
1077 3139 1109 3201 ἐν

98 3233 242 3327 μουσικῇ)
268 3231 484 3318 κιθαρῳδικῶν
515 3233 643 3314 ποιητὴν
669 3231 743 3294 ὅντα
772 3230 881 3313 νόμων,
911 3235 990 3298 κατὰ
1016 3233 1109 3318 νόμον

80 3331 229 3393 1ἕκαστον
250 3339 315 3403 τοῖς
335 3330 416 3392 ἔπεσι
437 3337 502 3402 τοῖς
522 3330 635 3392 ἑαυτοῦ
655 3331 706 3393 καὶ
726 3339 791 3402 τοῖς
805 3329 940 3415 Ὁμήρου
962 3331 1035 3415 pelo
1056 3358 1109 3397 πε-

98 3426 242 3510 pu‘ls'rru,
264 3425 345 3508 ᾄδειν
372 3428 403 3489 ἐν
433 3435 498 3493 τοῖς
536 3425 655 3507 ἀγῶσιν.
710 3428 894 3495 Carminum
930 3429 1110 3518 'l'erpandri

97 3525 246 3612 plurima,
275 3525 387 3613 quibus
414 3524 590 3591 Homerum
614 3526 790 3592 aemulatus
815 3529 887 3593 esse
910 3530 1033 3608 dicitur,
1052 3529 1109 3594 be·

101 3626 256 3686 xametris
282 3621 420 3686 heroicis
444 3627 621 3709 conscripta
642 3637 742 3688 erant.
784 3625 916 3692 Praeter
936 3649 1048 3692 nomos
1065 3630 1109 3690 ci·

98 3719 313 3796 tharoedioos,
334 3721 374 3784 de
395 3719 511 3808 'quibus
531 3721 614 3785 infra
633 3724 842 3808 exponemus,
862 3727 1028 3793 referenda
1047 3723 1110 3788 huc

667 3874 682 3880 “”
895 3874 1105 3890 -..ψ’-..η’

645 3895 647 3907 Ι

174 3939 220 4006 ⁵⁰)
239 3941 287 4007 dp.
305 3937 403 3991 Athen.
419 3938 436 3989 l.
450 3937 525 3992 xlv.
542 3955 567 4006 p.
587 3936 652 3990 636.
670 3938 702 3990 Β.

173 4033 217 4094 ⁵¹)
237 4034 286 4099 Ap.
309 4031 408 4083 dtben.
428 4031 503 4083 XlV.
522 4047 549 4098 p.
567 4022 631 4083 625.
652 4033 684 4083 B.
703 4039 732 4084 et
750 4030 815 4086 635.
833 4035 862 4086 c.
948 4024 956 4050 ⁸

176 4125 219 4186 ⁸²)
240 4123 335 4205 Athen.
355 4123 428 4178 xlv.
446 4140 471 4194 p.
493 4123 558 4180 636.
577 4126 607 4178 Α.
624 4130 653 4178 et
670 4122 734 4180 636.
754 4119 786 4176 Β.

225 4229 229 4239 ·
314 4208 322 4246 ι
