2746 4670
541 297 734 314 ···“’·····
829 271 851 327 ·'
1069 277 1138 347 165

127 445 189 510 bna
207 445 275 510 suis
304 455 448 528 uteretur,
473 439 675 528 Terpanden
705 447 815 537 elegos
843 475 916 521 eum
941 457 1026 526 haud
1043 464 1133 529 inve.

124 545 229 619 nisse,
248 553 372 624 constat
388 540 484 606 hodie
500 545 584 606 inter
603 544 752 610 eruditos.
763 545 813 632 ⁶⁶)

214 635 435 724 Terpandrum
468 655 663 726 exceperunt
696 642 751 708 alii
767 651 905 728 musici,
945 656 999 740 qui
1030 669 1129 724 artem
1213 687 1218 722 ι
1295 682 1297 695 ’

126 739 168 804 ab
188 760 229 804 eo
252 737 367 802 cultam
392 725 520 822 longiis
543 742 705 823 prosecuti
726 756 809 806 sunt
850 745 904 811 De
922 748 1063 834 plurimis
1081 766 1128 818 ta.

125 858 201 902 men
237 857 347 900 eornm
383 855 542 920 perpauca
572 837 607 899 in
632 850 773 906 veterum
800 845 925 929 scriptis
957 852 1138 914 memoriae·

64 975 68 982 ·
126 933 251 1020 prodita
271 933 456 1018 reperimus.
503 931 749 1018 Antiquissimus
776 938 902 1006 illorum
923 940 1046 1028 Cepion
1068 959 1127 1024 est,
1173 982 1177 990 ·

125 1052 146 1093 ιι
168 1027 355 1116 'l'erpandro
368 1043 490 1094 amatus
504 1041 633 1116 arteque
659 1037 781 1099 musica
798 1038 970 1104 instihrtus.
1012 1041 1064 1106 Ab
1085 1065 1125 1108 en

121 1149 225 1192 unum
247 1147 291 1190 ex
316 1132 420 1192 nemis
445 1126 623 1213 Terpandri
645 1150 763 1195 nomen
788 1136 925 1200 traxisse
942 1158 1038 1222 supra
1055 1162 1125 1204 me·

121 1214 260 1276 unimus.
303 1210 478 1298 Cepionem
494 1215 598 1298 ipsum
615 1235 739 1300 quoqne
756 1218 912 1283 eiusmodi
932 1224 1124 1290 canticorum

122 1321 285 1374 auctorem
319 1312 480 1374 exstitisse
511 1312 616 1374 evinci
641 1323 747 1396 potest
774 1335 818 1378 ex
845 1315 999 1382 Clement.
1026 1318 1122 1383 Alex.

119 1405 278 1492 Protropi.
307 1428 339 1493 p.
360 1407 391 1470 2.
417 1403 460 1470 D.
474 1403 566 1468 ’Ἀιδει
591 1403 624 1467 δὲ
650 1407 702 1469 καὶ
721 1403 863 1491 Εὔνομος
885 1411 903 1476 ὁ
924 1412 993 1496 ἐμὸς
1014 1413 1051 1478 οὐ
1069 1415 1123 1478 τὸν
1196 1433 1201 1438 ·

16 1539 19 1546 .
123 1497 323 1587 Τερπάνδρου
355 1498 461 1583 νόμον,
491 1501 562 1565 οὐδὲ
588 1503 643 1567 τὸν
667 1509 864 1604 Καπίτωνρς,
898 1513 934 1575 in
961 1512 1120 1600 quo-loeo

11 1645 17 1662 ι
99 1603 251 1691 Ιοιιιιιίιιο
273 1603 437 1673 Καπίωνος
463 1600 515 1665 vel
541 1603 704 1682 Κηπίωνος
722 1603 923 1676 scribendum
942 1630 1013 1674 esre
1034 1611 1123 1674 vide.
1225 1681 1232 1688 μ

118 1714 195 1764 runt
212 1699 366 1766 Maziriac
393 1711 426 1763 et
451 1700 584 1783 interpp.
608 1698 763 1782 Hesychii
785 1702 827 1769 ad
848 1703 964 1770 verba:
988 1709 1120 1771 Καπίων

118 1793 327 1878 κιθαρῳδικοῦ
347 1791 441 1877 νόμου
468 1792 572 1876 ὄνομα.
618 1794 742 1883 Cepion
766 1796 819 1863 ille
842 1801 1119 1870 eitharammovae

119 1907 153 1958 et
169 1893 338 1980 singularis
359 1894 481 1974 formae
502 1897 707 1979 excogitavit,
731 1918 812 1981 quae
834 1921 904 1964 cum
920 1899 1049 1964 Lesbiis
1067 1903 1117 1964 in·

115 1989 220 2056 sulam
249 1991 335 2055 haud
355 1992 465 2079 procul
487 1991 526 2056 ab
546 1991 626 2056 Asia
646 1995 741 2066 sitam
758 1993 1007 2062 inhabitantibus
1024 2018 1117 2083 prae·
1165 2013 1167 2020 ’

117 2093 211 2176 cipue
231 2092 267 2152 in
294 2111 354 2155 usu
379 2104 465 2154 esset
489 2085 593 2160 ’Λσιάς
615 2086 774 2174 'appellata
791 2091 904 2176 est⁶⁷)
946 2092 1117 2160 Plutarcho

107 2188 172 2267 '(de
196 2205 277 2250 mus.
306 2210 333 2251 e.
360 2184 430 2269 VI.)
464 2199 612 2252 narrante
637 2185 889 2253 citharoedorum
914 2189 1115 2267 Lesbiorum,

106 2285 214 2371 quie
242 2280 420 2369 'l'erpandri
456 2284 575 2362 schola,
585 2284 782 2370 prodierunt,
801 2284 928 2350 ultimus
948 2286 1115 2350 Periclitua
1204 2293 1208 2308 ‘

111 2383 186 2460 brit,
207 2381 405 2468 Hipponaete
425 2380 664 2466 iambographo,
684 2403 777 2468 quem
791 2371 1114 2468 inoer'olpmpiadem

113 2482 405 2568 quinquagesimam
432 2482 571 2567 quintam
590 2493 622 2542 et
640 2482 874 2566 sexagesimam
895 2483 1035 2568 quintam
1054 2479 1114 2544 llo·
1175 2497 1177 2507 ¹

111 2581 220 2644 ruisse
248 2589 370 2643 constat
404 2579 561 2663 antiquior
593 2579 688 2663 inque
718 2576 914 2646 Carneorum
942 2580 1113 2644 certamine
1139 2631 1143 2645 ,

53 2697 64 2706 ·’
111 2678 225 2740 vietor.
269 2673 416 2740 *Scholae
452 2671 630 2760 'l'erpandri
664 2675 760 2742 etiam
796 2676 946 2742 Arionem
985 2674 1113 2758 Methy-

46 2789 68 2854 ᾗ
114 2793 272 2850 mnaeum,
299 2773 340 2836 ad
365 2794 458 2858 quem
482 2789 568 2834 ἰιιιιιο
594 2774 758 2855 pervenio,
779 2770 1023 2834 adscribendum
1039 2791 1112 2836 esse

113 2893 177 2935 non
200 2863 319 2934 dubito.
366 2867 465 2946 Aetas
486 2866 571 2930 illins
598 2890 617 2931 a
635 2866 735 2930 Suida
754 2862 795 2929 ad
814 2869 1004 2932 tricesimam
1025 2880 1111 2932 octa-

110 2990 184 3033 vam
213 2967 434 3051 Olympiadem
455 2965 606 3041 refertur,
631 2964 715 3051 qnod
734 2961 817 3027 bene
837 2985 946 3029 eormn
965 2967 1114 3029 convenit

109 3067 302 3146 narrationi,
340 3067 393 3150 qui
428 3063 594 3128 Periandri
618 3075 757 3146 tempore
783 3060 936 3128 Arionem
964 3061 1110 3125 floruisse

105 3163 248 3234 tradunt.
290 3160 600 3224 Periandrnm¹enim
616 3157 802 3244 Olympiade
822 3161 981 3223 tricesima
998 3169 1110 3221 octava
1147 3176 1151 3190 ⁸

110 3258 258 3325 Corinthi
276 3261 441 3343 imperium
468 3270 646 3320 assecutum
672 3279 742 3320 esse
770 3259 804 3319 in
829 3255 988 3320 Chronico
1007 3253 1109 3319 Euse-

107 3355 206 3420 biano
227 3359 397 3419 memoriae
417 3355 575 3440 proditum
594 3367 651 3416 est.
693 3354 787 3416 Pater
803 3351 933 3416 Arionis
954 3347 1029 3415 ficto
1052 3372 1109 3415 no-

106 3456 194 3517 mine
220 3453 353 3536 Cyelera
370 3453 553 3538 appellatur,
580 3451 664 3538 quod
684 3470 800 3518 nomen
821 3473 841 3516 a
862 3447 966 3514 choris
985 3448 1109 3516 orbicu-

105 3548 227 3614 laribus
257 3549 371 3634 (χοροῖς
390 3545 530 3629 κυκλίοις)
557 3569 635 3634 quos
659 3551 778 3632 primus
800 3549 972 3613 instituisse
995 3547 1109 3614 dicitur

178 3785 224 3856 ⁶⁶)
245 3787 315 3842 Vide
336 3790 456 3844 conradi
475 3788 636 3862 Schneideri
655 3790 762 3844 dissert.
783 3791 817 3843 de
839 3791 959 3844 carmine
979 3788 1104 3860 elegiaco

104 3868 281 3924 Graecorum
300 3873 342 3925 in:
364 3871 473 3927 Studien
493 3887 543 3924 oon
562 3869 716 3924 Dardanii
735 3872 858 3960 Creuzeq.
877 3873 956 3926 Tem.
973 3869 1020 3924 1v.

176 3963 219 4026 ⁶⁷)
240 3963 369 4019 Plutarch
389 3965 423 4019 de
444 3967 550 4020 musica
576 3979 636 4033 cap.
656 3963 701 4018 Vl.
