2734 4676
542 339 742 356 ---·-·
1095 305 1139 381 tt

128 481 369 569 commemorati
395 508 507 556 mense
535 488 723 573 Septembri.
739 487 808 576 υς)
845 492 1138 580 -Deindehiytile-

126 613 197 656 nen
232 589 364 674 proiecti
391 583 479 652 illam
514 609 640 676 quoqne
668 591 702 652 in
729 603 836 671 partes
860 599 1138 658 suas'uaxerunt

130 689 345 772 Athenienses
375 705 465 761 vero,
485 705 556 750 cum
575 685 709 750 navibus
728 689 842 772 viginti
861 693 1009 776 qrdaque,
1030 689 1138 754 Leon·

128 800 161 850 te
185 809 224 850 ac
256 784 471 849 Diomedonte
501 782 646 861 ducibus,
673 787 708 847 in
729 782 995 869 Mytilenaeorum
1013 799 1137 870 portum

128 905 173 947 ex
197 873 374 966 improviso
393 881 500 957 delati,
529 879 681 945 Chiorum
708 879 842 946 navibus
869 885 963 966 phtiti
978 895 1062 962 snut,
1082 883 1136 946 de-

130 979 204 1044 inde
232 981 268 1041 in
297 991 413 1042 terram
443 953 671 1062 descendentes
697 962 1136 1063 obsistentibusproeliode-

11 1087 31 1144 .'
129 1079 221 1144 victis
237 1075 351 1141 urbem
372 1088 576 1164 occuparunt.
618 1070 714 1149 Quod
743 1095 814 1140 cnm
834 1075 1015 1159 Astyochus
1033 1064 1148 1144 Lm.¹

127 1167 370 1238 daemoniorum
409 1184 586 1263 strategus,
608 1173 681 1258 =qui
717 1193 789 1264 cum
824 1173 959 1240 navibus
990 1187 1136 1263 quahuor

129 1269 231 1336 Chios
253 1277 387 1336 secutus
409 1271 512 1352 pnmo
533 1269 573 1332 ad
592 1267 757 1352 Pyrrham,
776 1282 844 1334 tura
863 1272 905 1335 ad
924 1271 1058 1336 Eresum
1079 1295 1135 1356 ap·

123 1368 227 1452 malit,
256 1369 479 1451 comperisset,
498 1366 629 1430 Eresiis
658 1365 720 1441 sibi
750 1367 925 1432 conciliatis
946 1371 1135 1446 sternatis,

127 1465 291 1530 Antissam
317 1462 592 1546 etMethymnam
619 1483 656 1527 se
676 1465 820 1528 conferre
840 1465 990 1543 decrevit,
1015 1468 1049 1530 in
1077 1463 1134 1529 ho·

125 1583 203 1627 nam
218 1581 325 1644 spem
353 1562 471 1640 oinium
504 1563 629 1624 arrimos
660 1575 833 1625 erecturus.
884 1559 996 1648 Neque
1028 1575 1133 1626 tamen
1158 1635 1162 1642 ,
1264 1622 1269 1631 ,

124 1658 296 1746 quidquam
322 1655 449 1722 efficere
476 1660 590 1740 potuit,
611 1659 709 1745 quare
729 1679 801 1724 cum
823 1670 890 1723 toto
911 1662 1057 1723 exercitu
1070 1681 1134 1735 ¹sno

126 1753 245 1822 Chium
263 1775 412 1818 reversus
431 1765 490 1818 est.
530 1750 614 1817 Mox
633 1757 729 1844 etiarn¹
747 1754 973 1821 Athenienses
985 1759 1135 1820 universa

128 1849 240 1916 Lesbo
260 1852 303 1927 ,in
326 1852 492 1933 pristinam
511 1851 726 1917 conditionem
748 1857 895 1920 restituta
924 1853 1134 1920 Clazomenas

125 1969 165 2014 se
181 1959 378 2030 receperunt.
389 1947 400 1982 ¹
411 1947 461 2034 ⁶⁰)

64 2067 71 2076 ·
209 2045 363 2108 Eiusdem
389 2045 467 2108 anni
490 2065 599 2110 meuse
620 2044 754 2111 Octobri
774 2048 967 2114 Lesbiorum
988 2048 1133 2114 nonnulli

66 2165 71 2176 ‘
124 2145 183 2232 qui
206 2141 469 2206 Lacedaemoniis
492 2141 658 2220 favebant,
682 2143 880 2227 Astyochnm
899 2147 940 2210 ad
956 2137 1079 2229 Cymeh
1096 2157 1134 2212 et

22 2301 24 2306 s
125 2239 309 2306 Phocaeam
334 2250 514 2303 venantem
542 2239 582 2302 de
612 2240 791 2305 deiectione
816 2241 1053 2326 adierunt¹⁶¹)
1099 2241 1132 2307 ls

123 2359 215 2416 vero,
235 2339 289 2424 qui
315 2335 357 2400 ad
379 2353 473 2417 opem
492 2333 556 2400 illis
578 2337 742 2402 ferendam
759 2350 922 2421 promptus
942 2353 974 2404 et
992 2349 1134 2422 paratur,

121 2423 187 2500 nec
214 2429 389 2501 Corinthiis
411 2453 472 2496 uec
499 2437 613 2498 oetens
640 2437 737 2499 sociis
754 2447 790 2499 ut
808 2438 844 2500 in
865 2435 1021 2500 auxilimn
1042 2437 1131 2498 veni·

122 2543 197 2598 rent
220 2516 414 2612 persuadere
441 2543 575 2611 poterat,
606 2511 722 2598 Chium
745 2531 832 2611 abiit,
852 2555 916 2622 quo
933 2531 1038 2616 paullo
1061 2543 1133 2614 post

122 2629 329 2696 accesserunt
354 2622 475 2703 Lesbii,
501 2627 699 2711 Astyoohum
723 2642 759 2694 ut
783 2631 872 2714 ipsos
889 2627 1132 2696 Atheniensium

121 2719 285 2811 potestate
312 2723 465 2790 liberatos
493 2726 761 2792 Lacedaemoniis
801 2727 984 2817 conciliaret
1016 2728 1130 2790 iterato

124 2837 287 2911 rogantes.
338 2819 403 2885 Sed
431 2834 560 2886 netum
580 2825 706 2908 quidem
725 2825 894 2910 quidquam
919 2822 1131 2904 proiecerunt,

96 2921 99 2926 '
126 2924 199 3008 quie
220 2920 388 2985 Pedaritus
414 2920 516 3000 copiis
536 2918 863 2984 Lacedaemoniorum
882 2921 917 2982 in
938 2917 1021 2983 Chio
1039 2939 1130 3002 pree·

79 3004 82 3008 ⁵
119 3017 227 3083 iectus
247 3013 382 3103 Chiique
401 3017 465 3098 ipsi
483 3013 641 3079 obstinata
665 3014 866 3101 denegabant
884 3007 1131 3100 auxilium.¹⁶²)

123 3113 249 3178 Mansit
270 3115 369 3198 igitur
395 3134 434 3176 eo
456 3123 597 3194 tempore
619 3111 746 3176 Leshus
762 3115 797 3176 in
818 3111 1062 3176 Atheniensium
1083 3113 1130 3178 di-
1244 3202 1246 3206 ι

124 3213 225 3288 tione,
244 3213 297 3296 qui
327 3211 489 3296 sequentis
517 3210 593 3271 anni
618 3229 728 3272 mense
756 3207 1129 3292 Iulio,utsub01ymp.

121 3303 231 3385 XCII,
255 3311 289 3370 ¹2.
316 3305 427 3372 scribit
452 3303 628 3392 Diodorus,
653 3305 727 3370 illuc
750 3312 940 3395 navigarunt
965 3307 1006 3370 ad
1022 3341 1025 3360 ι
1039 3310 1129 3371 trire-

118 3425 194 3470 mes
215 3427 235 3469 a
254 3395 351 3470 sociis
364 3399 616 3488 =petendas.¹⁶³)
657 3402 777 3468 Eodem
800 3419 906 3470 tamen
925 3427 1033 3473 mense
1051 3400 1149 3468 Ere?
1242 3481 1252 3502 ν,

117 3555 1132 3601 -ςἻ-ἶ-η--ὴ-η--ὴα--η-...ῳ-

198 3647 257 3707 ¹³⁹)
277 3629 525 3714 ruueyuujvur,
544 3643 591 3698 22.

199 3739 256 3800 ¹⁶0)
277 3737 434 3806 Thucydid.
454 3737 525 3800 vut,
544 3734 590 3788 23.
712 3755 715 3762 ·

199 3833 257 3893 Νι>
279 3830 435 3900 rtucyua.
456 3830 528 3892 vru,
548 3826 593 3883 32.

199 3924 257 3986 ιη)
279 3923 435 3990 Thucydid.
455 3922 527 3982 vm,
546 3923 564 3972 l.
576 3921 594 3972 l.

199 4017 258 4081 πυ)
279 4015 396 4070 orator.
417 4015 472 4072 stc.
499 4011 635 4077 x111‚58-
716 4087 724 4092 ,
761 3995 768 4006 ᾖ
790 4081 793 4086 .
