2746 4670
466 363 667 436 ····.····
1005 332 1073 407 ιον

68 520 159 584 αιτιοι
186 525 253 582 tum
279 512 479 598 poematibus
501 520 640 599 prim
656 515 764 582 nodos
791 522 1075 606 applauderem

66 621 217 681 carmina
228 616 368 692 fecisse
382 615 508 689 metica,
534 620 600 678 tom
621 619 761 679 muu‘coe
779 638 908 698 sacrae,
930 627 1022 687 οἰιίια
1038 628 1096 694 sis,

65 719 170 777 nomio
197 733 255 776 aest
281 713 452 776 cantilenis
473 714 579 774 sacris
601 717 678 773 tunc
706 721 782 778 nme
808 725 886 781 erat
904 714 1075 783 Lacedae·
1106 753 1109 768 ·

68 830 173 885 mone,
201 817 362 872 auctorent
379 809 504 886 suase.
556 803 676 870 Omnes
702 805 737 872 hi
767 834 787 875 a
809 833 887 878 vero
906 815 1075 880 verborum

72 927 172 979 sensu
198 903 391 968 aberrarunt.
433 902 521 968 Nihil
549 903 635 967 aliud
659 927 718 988 per
742 905 1000 990 Λακεδαιμονίους
1024 913 1076 977 νό-

70 1025 146 1083 μους
165 1003 357 1086 designatur,
383 1024 476 1089 quam
499 1000 608 1064 ciuiles
629 1002 956 1073 Lacedaemoniorum
975 1010 1076 1096 leges,
1137 1055 1142 1068 ι
1236 1019 1245 1038 l

69 1097 213 1162 versibus
236 1097 376 1162 heroicis
402 1102 607 1183 conscriptas,
636 1121 714 1214 puas
732 1104 850 1186 pariter
870 1126 908 1168 ac
927 1128 987 1173 sua
1005 1107 1076 1173 Ho-

66 1199 211 1282 merique
241 1199 382 1260 carmina
407 1199 547 1260 numeris
571 1199 702 1260 musicis
728 1199 936 1266 adstrinxisse
963 1219 1078 1289 putan.

67 1295 130 1358 dus
152 1307 202 1357 est
224 1280 421 1377 Terpander.
461 1291 569 1356 Sensit
590 1291 653 1356 hoc
674 1297 769 1359 etiam
786 1293 990 1378 Meibomius,
1009 1323 1077 1366 ma-

63 1391 96 1456 le
118 1413 142 1454 a
168 1389 351 1454 Burmanno
379 1388 600 1472 reprehensus,
630 1394 683 1477 qui
700 1392 742 1459 ad
758 1391 901 1458 Aristox.
920 1396 1074 1464 Hermon.

64 1475 170 1554 Elem.
190 1512 221 1574 p.
243 1485 295 1556 76.
330 1485 429 1550 verba
454 1484 525 1558 τοὺς
550 1485 810 1566 Λακεδαιμονίους
839 1489 949 1573 νόμους
973 1493 1077 1574 ipsi„-

64 1585 174 1665 ποίησε
206 1588 253 1648 ita
274 1585 383 1647 vertit·
418 1581 748 1648 Lacedaemoniorum
781 1587 871 1670 leget
893 1594 1075 1658 contundat

64 1683 226 1750 eatttoit.
279 1679 415 1757 Modus,
453 1704 514 1766 quo
552 1683 587 1745 in
619 1679 670 1744 his
701 1683 894 1749 carminibus
919 1708 996 1751 usus
1027 1704 1075 1753 est

66 1777 267 1868 Terpander,
288 1801 353 1842 nou
375 1777 455 1841 alius
474 1800 544 1841 esse
566 1790 682 1864 potest,
703 1801 795 1866 quam
814 1779 944 1853 Durius.
984 1783 1075 1850 Non·

66 1879 150 1944 nulli
167 1877 294 1941 modum
313 1875 527 1957 Mixolydium
554 1873 778 1961 aTerpandro
799 1879 962 1946 inventum
983 1906 1075 1972 prae·

67 1973 229 2052 dicabant,
255 1996 387 2060 quorum
415 1976 596 2058 opinionem
621 1973 662 2036 ob
689 1987 834 2040 notarum
857 1992 995 2059 systema
1011 1985 1075 2065 pri·
1119 1963 1121 1978 ¹

21 2153 24 2161 Ι
66 2077 213 2138 mitivruu
241 2084 342 2136 ortam
371 2071 443 2134 es‘se
465 2072 583 2133 iudicat
601 2067 793 2134 Boeckhius.
834 2071 919 2137 Vide
943 2074 997 2140 lib.
1017 2075 1074 2142 Ill.

66 2173 110 2258 de
129 2183 221 2234 metr.
243 2169 426 2252 Pindarip.
445 2167 506 2230 235
529 2181 561 2230 et
580 2165 652 2230 248.

153 2265 222 2330 lam
239 2267 279 2328 ad
297 2287 409 2328 nomos
432 2265 662 2356 citharoedicus
679 2256 873 2351 Terpandri‚
890 2267 1003 2354 quibus
1020 2271 1074 2334 ille

65 2367 243 2432 maximam
262 2361 324 2428 sibi
345 2351 538 2448 comparavit
556 2363 701 2448 gloriam,
720 2363 916 2427 accedamus
956 2364 1074 2442 Quam-

65 2464 182 2529 obrem
214 2483 322 2524 sacrae
355 2459 428 2523 illae
463 2462 639 2525 cantilenae
668 2464 772 2546 legum
792 2458 916 2544 (νόμων)
946 2469 1074 2528 nomine

65 2560 248 2647 appellatae
267 2561 330 2620 sint
360 2561 493 2642 exponit
519 2558 706 2622 Plutarchus
728 2559 780 2642 (do
802 2581 883 2622 mus.
904 2581 931 2624 c.
952 2559 1010 2624 VI.
1033 2561 1074 2627 Τ.

64 2655 163 2722 XIV.
182 2679 214 2741 p.
235 2655 305 2718 215.
334 2656 408 2718 edit.
435 2655 583 2737 Hutten.)
613 2655 667 2718 οὐκ
693 2657 760 2738 ἐξῆν
786 2655 822 2717 τὸ
843 2657 971 2744 παλαιὸν
994 2658 1075 2722 οὕτω

66 2751 281 2824 parcoatras
309 2751 495 2836 κιθαρῳδίας
522 2754 562 2827 ὡς
584 2760 642 2831 νῦν,
666 2752 738 2815 οὐδὲ
754 2755 924 2838 μεταφέρειν
940 2755 996 2826 τὰς
1017 2755 1076 2837 ἆρ-

69 2852 176 2934 μονίας
197 2849 249 2912 καὶ
270 2850 341 2922 τοὺς
363 2848 513 2964 ῥυθμούς·
540 2850 571 2911 ἕν
590 2849 648 2967 γὰρ
668 2857 733 2915 τοῖς
756 2845 856 2929 νόμοις
876 2847 996 2931 ἑκάστῳ
1018 2849 1076 2912 διε-

68 2942 182 3032 τήρονν
198 2947 254 3027 τὴν
275 2950 385 3032 οἰκείαν
405 2945 508 3010 τάσιν·
527 2944 573 3008 διὸ
597 2946 648 3008 καὶ
668 2942 781 3026 ταύτην
801 2947 969 3028 ἐπωνυμίαν
984 2943 1076 3028 εἶχον·

65 3041 156 3129 νόμοι
185 3044 245 3132 γὰρ
273 3027 573 3128 νιροσηγορεὺθησαν,
602 3040 701 3123 ἐπιίδη
728 3042 784 3104 οὐκ
811 3043 877 3121 ἐξῆν
904 3047 1076 3127 παροβνμαι

63 3141 148 3206 καθ’
170 3144 299 3205 ἕκαστον
317 3143 519 3225 νενομισμένον
539 3137 616 3214 εἶδος
635 3145 688 3220 τῆς
710 3136 834 3210 τάσεως.
880 3139 918 3204 In
941 3142 1076 3227 eundem

64 3244 138 3306 fere
158 3242 295 3305 modum.
313 3263 379 3305 rem
408 3241 559 3328 explanat
585 3239 711 3316 Suidas,
742 3241 801 3324 qui·
821 3235 939 3319 Νόμος,
964 3243 1075 3328 iuquit,

64 3338 84 3400 ὁ
105 3337 312 3423 κιθαρῳδικὸς
333 3337 448 3424 τρόπος
469 3343 522 3412 τῆς
542 3335 694 3418 μελῳδίας,
716 3332 861 3418 ἁρμονίαν
878 3338 945 3419 ἕχον
965 3338 1077 3420 τακτὴν

64 3437 120 3501 καὶ
149 3437 268 3522 ῥυθμὸν
294 3434 462 3518 ὡρισμένον.
495 3435 601 3500 Aliam
621 3436 764 3522 nominis¹
782 3434 961 3518 explicandi
979 3439 1077 3501 ratio-

64 3557 157 3612 nem,
175 3539 216 3612 ai,
236 3558 330 3622 quam
358 3537 452 3599 ruodo
481 3532 641 3597 attulimus
663 3531 749 3596 haud
771 3532 866 3596 dubie
885 3531 1078 3616 posthaben-

65 3635 184 3710 darn,
175 3636 246 3696 rniit
270 3623 504 3696 Problematum
532 3643 651 3708 auctor,
681 3632 735 3716 qui
763 3629 860 3714 vulgo
887 3629 1077 3695 Aristoteles

65 3753 142 3795 esse
172 3731 296 3809 dicitur,
326 3743 402 3795 sect.
432 3727 527 3792 XIX.
570 3727 630 3790 Διὰ
657 3730 688 3789 τί
713 3725 799 3808 νόμοι
826 3733 996 3804 καλοῦνται,
1026 3724 1077 3798 οὺς

64 3826 253 3908 ᾄδονοιν;
235 3853 254 3910 η
281 3827 327 3892 ὃτι
350 3827 422 3908 πρὶν
442 3827 627 3888 ἐπίστασθαι
647 3820 820 3907 γράμματα,
840 3815 924 3944 ᾗδρν
936 3823 1006 3895 τοὺς
1027 3818 1077 3883 νό-

63 3950 154 4008 μους,
177 3924 249 4012 α’πιρ
281 3927 312 3988 ἐν
338 3919 795 4007 Ἀγαθοροαιςοτιείωθασινς
838 3919 972 3983 καὶτῶν
993 3916 1078 3980 ὑστέ-

66 4047 134 4110 ρων
171 4027 225 4088 οὐν
256 4021 343 4106 ᾠδῶν
374 4022 430 4098 τὰς
460 4017 589 4106 πρώτας
621 4019 658 4084 τὸ
684 4016 759 4083 αοιὸ
787 4013 944 4110 ἐκάλεσαν,
983 4013 1077 4098 ὥςπερ
