2772 4684
475 494 710 538 ··-.·-··-··
1061 462 1110 536 53

98 617 232 723 tantum
252 635 533 727 attritorum,
553 660 590 713 ut
611 669 632 714 a
652 648 754 716 classe
773 649 956 717 fabricanda
977 652 1110 716 desiste·
1158 725 1161 738 Ι

102 765 168 836 ret.
181 749 235 835 ⁸²)
273 747 328 812 S'io
348 745 462 814 Lesbii
480 768 519 810 eo
540 739 682 832 tempore
706 763 876 814 evaserunt
893 749 1046 836 periculo.

195 846 274 911 (lum
299 842 468 927 Polycrate
489 841 598 915 Samio
621 840 674 909 Ol.
692 843 780 922 LIII,
799 845 829 909 3.
850 848 1016 932 imperium
1037 846 1113 910 ade·
1216 906 1219 915 .

107 959 165 1031 pto
186 941 342 1029 proelium
360 937 474 1003 navale
491 961 511 1002 a
528 939 657 1004 Lesbiis
678 946 878 1008 commissum
896 957 954 1021 est,
975 947 1029 1031 qui
1047 942 1112 1008 Mi·

108 1043 194 1110 lesiis
213 1037 334 1104 bellum
360 1035 511 1102 adversus
534 1049 702 1118 tyrannum
722 1037 811 1104 illum
832 1040 1016 1126 gerentibus
1033 1063 1111 1103 παν-

101 1140 242 1229 ῡζρατιῇ,
263 1134 301 1200 ut'
319 1131 503 1198 Herodotus
525 1136 581 1212 ait,
602 1133 723 1199 auxilio
746 1136 923 1200 adfuerunt.
963 1136 1033 1203 Nec
1054 1162 1111 1204 ve·

7 1267 9 1298 2
101 1227 151 1300 ro¹
168 1255 225 1300 res
248 1230 382 1296 feliciter
405 1232 589 1314 iisevenit.
631 1229 804 1317 Superatos
826 1235 912 1298 enim
929 1238 1110 1322 catenisque
1246 1253 1248 1260 ·

103 1335 236 1395 uinctos
254 1331 295 1390 ut'
308 1330 393 1392 circa
413 1327 543 1392 Samum
563 1326 673 1392 urbem
692 1331 811 1394 fossam
832 1331 984 1396 ducerent
1004 1336 1110 1418 coegit

106 1423 364 1510 Polycratas.⁸³)
419 1420 492 1498 Quo
527 1446 611 1488 anno
643 1425 799 1510 proelium
824 1427 1042 1494 collocandum
1067 1431 1110 1492 sit

92 1524 236 1618 'definiri
261 1544 344 1625 norq
352 1533 467 1606 potest
517 1521 611 1586 Circa
630 1519 710 1585 haec
730 1524 797 1586 fere
817 1537 959 1609 tempora
980 1524 1123 1625 Mysia-⁸

7 1685 9 1704 ‚
104 1625 183 1688 naei
200 1624 236 1686 in
256 1619 418 1684 Amasidis
436 1617 666 1704 Aegyptiorum
686 1622 772 1706 regis
788 1620 1031 1684 familiaritatem
1054 1644 1110 1685 ve·

21 1719 47 1744 “·
104 1731 235 1796 nerunt,
260 1718 315 1803 qui
333 1713 508 1779 Naucratin
530 1715 639 1783 urbem
656 1719 696 1780 iis
719 1715 923 1781 habitandam
954 1707 1113 1784 concessit

105 1830 207 1902 utque
231 1834 297 1902 una
324 1835 394 1884 curu
419 1812 490 1876 aliis
518 1810 712 1877 Graecorum
731 1814 910 1879 civitan'bus
926 1813 1111 1880 Hellenium

22 1915 27 1922 ’
106 1916 144 1978 in
163 1902 313 1996 Aegypto
332 1910 559 1972 constituerent
573 1909 791 1996 permisit⁸⁴)-

80 2037 84 2045 ·
116 2015 124 2029 ‘
160 2065 165 2087 ,
193 2007 320 2094 Olymp.
341 2003 421 2072 LIV
443 2027 527 2070 auno
546 2020 655 2092 quarto
676 2007 858 2072 Pisistratus
868 2007 1110 2076 Atheniensium

103 2105 308 2193 tyrannidem
331 2105 467 2189 primum
498 2116 661 2166 assecutus
689 2117 747 2180 est,
769 2108 823 2191 qui
845 2119 924 2170 teste
944 2107 1110 2172 Herodoto

106 2187 245 2290 Sigeum
262 2199 465 2284 Mytilenaeis
485 2202 519 2263 vi
539 2214 680 2285 ereptum
698 2199 765 2288 filio
787 2203 885 2270 notho
908 2203 1112 2288 Hegesistra-

109 2317 147 2368 to
167 2299 340 2386 regendum
362 2297 498 2360 tradidit
547 2295 706 2381 Oppidum
731 2297 824 2376 illud,
851 2313 886 2362 nt
906 2299 1014 2384 paullo
1036 2312 1111 2362 ante

34 2417 55 2432 ‘¹
107 2401 257 2477 vidimus,
280 2395 454 2461 Periander
479 2392 665 2479 Cypselides
690 2393 939 2460 Atheniensibus
959 2395 1035 2462 olim
1055 2397 1112 2460 ad-

104 2501 316 2566 iudicaverat
363 2490 462 2562 Recte
488 2495 585 2578 igitur
606 2513 649 2555 ex
669 2490 827 2556 Herodoti
845 2496 1026 2558 narratione
1046 2493 1112 2560 ool·
1136 2520 1140 2532 ·

105 2598 191 2684 legit
212 2591 458 2668 Valckenarius,
484 2590 617 2675 Sigeum
635 2603 760 2655 mortuo
779 2590 953 2657 Periandro
975 2615 995 2662 a
1015 2589 1113 2676 Myti-

105 2685 238 2760 lenaeis
262 2700 482 2775 recuperatum
516 2708 597 2758 esse.
651 2687 890 2771 Hegesisuatus
916 2692 1065 2774 oppidum
1092 2713 1114 2754 a

105 2781 391 2878 patre-acceptum
418 2783 472 2847 οὐκ
493 2781 623 2864 ἀμαχητὶ
650 2786 768 2859 tenuit,
795 2806 866 2847 cum
884 2784 963 2848 illud
983 2785 1113 2868 Mytile.
1231 2833 1234 2843 ,

111 2889 191 2952 naci
211 2907 254 2950 ex
272 2883 417 2950 Achilleo
438 2881 567 2946 castello
589 2889 791 2964 erumpentes
802 2883 897 2942 armis
916 2885 1044 2966 saepius
1060 2906 1114 2947 re.

108 2995 267 3071 peterent.
306 2978 425 3066 Neque
440 2993 546 3042 tamen
567 2977 615 3042 illi
636 2976 803 3064 quidquam
823 2976 1034 3059 profecerunt,
1055 2980 1114 3044 sed

105 3083 229 3146 mansit
256 3077 388 3163 Sigeum
415 3078 449 3140 in
475 3074 743 3139 Pisistratidarum
764 3072 894 3136 ditione.
934 3072 1013 3139 Illuc
1031 3073 1114 3162 Hip·

105 3181 193 3266 pias,
207 3197 290 3244 „cum
311 3172 364 3239 01.
384 3171 524 3251 LXVII,
547 3172 578 3236 3.
603 3169 739 3236 Athenis
764 3171 945 3257 pelleretur,
971 3193 1008 3236 se
1023 3195 1114 3238 reca-

7 3345 10 3352 ,
104 3279 179 3364 pit3-
195 3273 280 3352 illuc,
297 3295 318 3336 a
337 3265 857 3348 Lacedaemoniis10l.LXXI,l.
897 3267 1044 3360 Spartam
1064 3293 1114 3336 ar-

104 3374 258 3448 cessitas,
282 3368 416 3436 consilio
443 3366 641 3432 Athenarum
662 3367 949 3450 recuperandarum
972 3391 1029 3458 per
1050 3367 1137 3434 Co··

37 3525 51 3555 ἂ,
105 3468 247 3548 riathioa
271 3469 363 3530 irrito
383 3465 479 3541 facto,
498 3462 664 3542 rediit.⁸⁵)
712 3462 893 3532 Laroherus
922 3464 1021 3532 finem
1040 3466 1115 3532 belli

42 3581 45 3586 ’
84 3568 194 3630 .inter
216 3563 475 3649 Hegesistratum
495 3576 528 3627 et
545 3561 760 3660 Mytilenaeas
780 3564 882 3647 gesti,
910 3564 994 3648 quod
1015 3585 1035 3626 a
1051 3564 1114 3629 Pe·

179 3869 225 3931 θ’)
243 3866 378 3920 Herodot
394 3867 415 3930 l,
432 3867 460 3920 d.
475 3865 522 3918 26.
540 3862 587 3918 27.

181 3962 226 4023 ⁸³)
245 3957 388 4020 lle'rodot.¹
400 3960 448 4026 111,
473 3957 519 4014 39.

187 4054 233 4116 ⁸⁴)
251 4041 387 4112 assota.
406 4050 526 4119 ratas.

186 4145 233 4207 ⁸⁵)
250 4145 387 4228 Herodot.
404 4141 438 4210 V,
450 4141 508 4199 fib.
524 4137 572 4197 94.
