2734 4676
1005 309 1052 386 77

42 497 79 563 δὲ
113 503 157 595 τῇ
185 495 371 588 πεντηκοστῇ
403 489 422 554 ὁ
451 487 632 572 Θεόπομπος
651 491 726 579 περὶΧ
745 484 959 578 Μηθυμναίων
983 495 1056 564 τάδε

41 597 137 678 λέγει·
177 591 238 686 ιιριὶ
263 589 306 654 τὰ
330 586 382 672 μὲν
406 583 555 670 &reddero
584 593 841 674 προςφερομένους
874 591 1056 676 πολυτελῶς,

42 693 123 779 μετὰ
141 696 199 755 τοῦ
218 693 418 753 κατακεῖσθαι
437 683 490 749 sol
505 687 603 764 πίνειν,
622 686 711 770 ε”ργον
731 686 763 750 d’
786 685 873 753 οὐδὲν
893 691 979 768 ἄξιον
993 699 1055 758 τῶν

45 785 261 873 ἀναλωμάτων
270 789 440 857 ποιοῦντας.
465 781 592 846 ἔπαυσεν
613 775 667 847 οὖν
686 782 799 860 αὐτοὺς
819 786 936 852 τούτων
954 789 1054 854 Kleo-

48 890 141 973 μένης
162 883 181 948 ὅ
199 882 351 968 τύραννος,
373 879 397 944 ὁ·
412 880 465 944 ναὶ
481 880 539 955 τὰς
558 883 794 966 postponeretis,
812 883 867 957 τὰς
888 888 1054 968 εἰθισμένας

49 979 270 1070 προαγωγεύειν
286 979 341 1052 τὰς
362 975 522 1062 ἐλευθέρας
536 988 686 1060 γυναῖκας,
703 978 755 1042 καὶ
774 989 851 1064 τρεῖς
870 981 893 1060 ἦ
907 983 1055 1070 τέτταρας

49 1085 111 1158 τὰς
131 1077 366 1161 ἐπιφανέστατος
389 1076 614 1162 πορνευομένας,
637 1075 763 1159 helquam
789 1079 829 1151 εἰς
842 1077 976 1155 ’σάκκους
996 1107 1055 1145 sor-

48 1180 238 1244 ταποντίσαι
254 1173 331 1237 τισὶν
346 1171 523 1256 προςτάξας.

135 1275 241 1362 Il'ario
277 1272 319 1336 ad
350 1271 523 1338 Granicum
555 1287 712 1360 snperato*
734 1273 916 1339 Alexander
940 1276 1054 1342 foedae

48 1370 278 1441 crnn‘Lesbiis
305 1373 482 1456 composuit
508 1383 541 1434 et
565 1373 730 1456 optimates
753 1372 930 1438 civitatibus
952 1396 1054 1461 expu-

46 1473 98 1538 lit.
139 1469 210 1554 Sed
232 1479 306 1536 dere
334 1469 410 1530 anni
436 1470 522 1532 tertii
540 1466 665 1555 Olymp.
684 1466 772 1532 CXI.
794 1469 946 1535 Memnon
966 1471 1053 1537 Rho·
1122 1495 1127 1502 ·

45 1573 123 1658 dius
151 1568 253 1634 Assae
281 1553 570 1654 mienon‘totrque
595 1565 765 1632 Persarum
794 1567 888 1632 classi
913 1590 933 1631 a
952 1568 1054 1636 Dario

46 1665 243 1754 praefectus,
262 1679 380 1747 magna
397 1684 596 1728 nummomm
613 1666 705 1747 copia
724 1677 862 1749 accepta,
883 1668 919 1730 in
940 1662 1055 1733 Chium

47 1763 290 1850 expeditionem
318 1760 394 1824 iecit
420 1762 675 1848 proditorumque
709 1761 930 1827 nonnullorum
958 1784 1056 1847 opera

47 1876 149 1927 utens
173 1857 278 1922 insula
310 1860 430 1952 potitus
463 1872 522 1924 est.
578 1858 656 1923 Inde
685 1857 828 1924 Lesbum
853 1881 924 1924 cum
953 1860 1056 1926 classe

49 1957 190 2035 delatus,
216 1953 482 2040 Mytilenaeorum
510 1959 623 2021 animis
654 1956 695 2020 ad
718 1979 839 2022 morem
860 1960 922 2045 ipsi
940 1945 1055 2046 geren·

49 2059 127 2122 dum
145 2054 232 2122 haud
252 2059 430 2141 propensis,
448 2054 585 2142 reliquas
607 2045 730 2128 insula'e
754 2056 896 2118 civitates
916 2057 986 2118 sine
1007 2055 1055 2120 ul·

48 2157 84 2222 lo
104 2155 238 2240 negotio
263 2137 299 2216 ln
324 2150 419 2218 Darii
442 2163 629 2238 potestatem
649 2151 781 2238 redegit.
824 2149 909 2215 Tum
926 2151 1057 2236 Mytile-

49 2273 118 2318 nen
141 2269 323 2326 conversus,
343 2249 421 2314 urhe
439 2249 555 2336 duplici
576 2249 660 2313 vallo
679 2248 850 2313 interclusa
868 2262 901 2312 et
919 2250 1057 2313 castellis

49 2353 192 2437 quinque
212 2369 273 2440 per
292 2345 363 2410 loca
388 2360 563 2432 opportuna
581 2349 705 2432 positis,
725 2369 745 2410 a
764 2359 848 2409 terra
867 2344 958 2408 facile
980 2367 1057 2410 con·

48 2446 174 2513 tinebat
208 2448 306 2510 cives.
354 2444 482 2509 Partem
510 2444 621 2509 classis
643 2443 907 2529 Mytilenaeorum
932 2457 1057 2528 portum
1139 2440 1145 2451 ’

52 2544 218 2610 custodire
243 2543 345 2620 iussit,
370 2542 507 2628 reliquas
531 2565 630 2606 naves
657 2542 698 2606 ad
717 2541 857 2629 Sigrium
874 2553 1057 2628 promonto·
1186 2550 1190 2558 '

50 2647 135 2708 rium
158 2639 335 2717 collocavit,
366 2662 408 2703 ne
436 2641 511 2727 quid
538 2640 650 2705 auxilii
669 2641 810 2706 obsessis
826 2641 906 2703 mari
928 2640 1057 2704 adveni-

54 2754 112 2805 ret
152 2734 246 2804 Haec
276 2761 347 2803 curn
376 2751 486 2824 agaret
506 2737 660 2803 Memnon
680 2739 790 2804 morbo
810 2737 958 2819 abreptus
977 2741 1057 2804 irre·

56 2833 197 2922 parabile
223 2835 392 2902 Persarum
420 2835 517 2900 rebus
545 2837 692 2900 damnum
719 2834 835 2898 intulit.
876 2834 1058 2921 Autophra-

61 2935 150 2998 dates
176 2946 279 2999 tamen
306 2957 343 2998 ac
366 2933 593 3000 Pharnabazus
616 2931 768 2997 Artabazi
787 2929 890 3010 filius,
914 2933 965 2994 cui
986 2929 1059 2994 Me·

54 3051 160 3096 maon·
174 3034 344 3105 moriturus
373 3035 572 3098 commiserat
585 3032 762 3117 imperinm,
781 3030 967 3112 gravissima
985 3025 1060 3110 My·

55 3129 265 3195 tilenaeorum
284 3129 395 3194 urbem
413 3144 593 3216 prementes
613 3127 790 3203 obsidione,
809 3123 899 3188 brevi
917 3139 1058 3210 tempore
1173 3147 1177 3156 ·

52 3225 98 3289 ad
112 3225 304 3292 deditionem
324 3228 501 3294 faciendam
522 3251 578 3293 eos
597 3227 781 3312 adegemnt·
823 3220 981 3288 Convenit
992 3241 1059 3306 pax

51 3326 96 3388 iis
118 3323 363 3403 conditionibus,
388 3340 424 3390 ut
447 3327 636 3392 mercenarii
663 3323 703 3387 ah
724 3322 910 3387 Alexandro
930 3341 988 3404 pro
1007 3339 1059 3382 so·
1134 3327 1139 3342 ⁸

53 3423 180 3484 rietatis
199 3437 293 3508 pacto
312 3421 488 3506 Mytilenen
506 3427 595 3490 missi
613 3421 737 3487 abirent
755 3435 851 3506 utque
862 3416 1061 3500 Mytilenaei,

1 3522 2 3606 J
54 3515 223 3597 columnis,
241 3523 275 3584 in
299 3522 411 3608 quihus
435 3522 572 3588 foederis
591 3545 662 3587 cum
679 3541 758 3605 rege
777 3516 986 3582 Macedonico
1004 3515 1061 3576 icti

51 3610 259 3681 conditional
286 3621 455 3704 inscriptae
476 3632 576 3699 erunt,
597 3617 768 3693 subversis,
786 3614 955 3678 Persarum
974 3613 1062 3695 regis

1 3754 2 3758 =
49 3713 139 3776 socii
156 3711 284 3787 ‚fierent
307 3719 402 3803 inque
427 3721 561 3803 patriam
584 3720 762 3803 reciperent
786 3705 916 3776 exsules
940 3727 1061 3783 omnes,

49 3808 172 3896 quibus
195 3812 326 3878 dimidia
347 3839 422 3901 pars
448 3815 623 3892 bonomm,
649 3834 729 3900 quae
757 3832 797 3875 eo
818 3822 971 3894 tempore,
991 3823 1063 3868 curu

48 3907 217 4000 lugerent,
239 3912 464 3998 possidebant,
481 3913 607 3978 decreta
623 3922 681 3976 est.
723 3905 936 3973 Nihilominus
957 3915 1062 3965 maren

17 4081 21 4090 Ι
50 4001 321 4091 Autophrodates
342 4025 374 4075 et
400 4010 636 4089 Pharnabazus,
664 4006 756 4073 simul
782 4020 874 4092 atque
891 3998 1063 4084 Mytilenes
