2746 4670
388 245 832 356 »-·-··-·
1033 289 1105 363 πο

86 468 213 551 iniecit,
237 426 342 556 capilo
363 479 517 555 sequente
537 469 582 531 ita
603 470 724 554 pergit:
753 469 793 533 oz
813 467 951 554 153qu
972 475 1004 538 ⁰3
1016 449 1103 542 ’Μὰ
1126 465 1133 500 r

85 569 237 648 τούτους,
264 563 363 644 ἀγαθὲ
389 563 605 650 Ὀνησίκρατες,
634 559 846 646 culplcxoi'
827 592 911 650 ηοαν,
928 567 1102 650 Ἀπόθετος

77 671 220 745 Ἔλεγοι,
248 661 499 748 Κωμάρχιος-
530 661 585 724 καὶ
616 661 776 745 Τριμελής·
807 665 920 760 ὑοτέριρ
945 665 978 732 δὲ
1003 668 1101 755 χρόνῳ

12 793 15 800 ·
92 765 150 830 καὶ
167 764 207 828 τὰ
225 759 442 879 Πολυμνάστια
464 754 628 839 καλούμενα
650 759 806 876 ἐξευρέθη·
833 787 866 826 ον
856 761 919 826 ‘ll
938 771 990 848 τῆς
1009 777 1102 832 κιθα-

96 861 210 950 ρῳδίας
240 859 325 941 νόμοι
357 855 506 958 πρότερον
536 853 643 936 πολλῷ
674 854 771 941 χρόνῳ
798 859 1067 946 κατεστάθησαν’
1052 868 1102 932 επὶ

99 956 316 1076 Τερπάνδρου·
357 965 450 1027 κεῖνος
489 957 562 1029 γοῦν
593 951 664 1025 τοὺς
697 956 918 1038 κιθαρῳδικοὺς
952 987 994 1046 πρ
977 958 1099 1050 ρότεραν

93 1053 230 1136 αἰνίμασε
238 1065 313 1120 etc.
340 1044 459 1118 Pollux
484 1073 562 1116 vero
583 1049 641 1128 IV,
669 1049 700 1128 9,
716 1047 745 1116 4
764 1054 804 1118 dc
831 1061 935 1122 nomis
956 1058 1101 1149 'l’erpan-

90 1153 180 1218 dreis
208 1173 356 1216 sermone
388 1151 492 1227 facto,
525 1143 709 1266 σράλλονιρι
746 1145 799 1226 δὲ,
827 1155 945 1239 inquit,
979 1159 1011 1219 ot
1049 1161 1101 1225 καὶ

87 1247 261 1318 Ἀπόθετον
285 1247 494 1326 προςτιθέντες
526 1243 609 1324 αὐτῳ
639 1243 694 1306 καὶ
714 1247 900 1328 Σχοινίωνα.
929 1245 1014 1316 οὗτοι
1040 1257 1101 1342 γὰρ

90 1345 259 1425 αὖλχταοί.
299 1344 386 1410 Inter
409 1346 605 1408 recentiores
628 1343 752 1408 demum
771 1345 852 1410 falsa
873 1362 942 1413 orta
962 1366 1028 1419 est.
1020 1358 1101 1439 .opi-
1193 1429 1197 1440 ι

88 1439 162 1520 nio,
185 1447 280 1506 etiam
305 1441 542 1507 auloedicorum
563 1462 729 1506 nomorum
757 1457 917 1510 auctorem
938 1453 1100 1516 exstitisse

88 1539 326 1626 Terpaudrum
373 1539 546 1603 Perversae
574 1537 648 1601 huic
677 1543 853 1604 sententiae
881 1566 991 1613 ansam
1006 1569 1100 1633 prae-

88 1639 162 1703 buit
179 1637 331 1726 Chronici
359 1637 447 1702 Parii
472 1659 521 1720 ep.
541 1631 688 1698 XXXV
710 1658 803 1722 quem
821 1639 861 1701 ad
880 1627 985 1708 locum
1002 1668 1111 1732 supra

91 1759 141 1800 ex
160 1749 250 1820 parte
269 1747 492 1820 pertractatum
512 1754 595 1796 nunc
616 1731 708 1796 nobis
725 1735 921 1804 redeundum
931 1754 989 1806 est.
1015 1741 1099 1809 Ver-

89 1833 149 1909 ba,
172 1832 212 1894 de
231 1831 343 1917 quibus
357 1831 469 1893 dicturi
489 1853 606 1906 sumus,
624 1833 772 1914 inprime
784 1831 979 1902 Marmorum
990 1838 1098 1909 Arun-

91 1929 304 1994 dellianornm
330 1928 486 2004 editione,
515 1950 534 1990 a
557 1927 699 1990 Iohanne
735 1929 873 1996 Seldeno
906 1950 1031 2016 curata,
1052 1943 1098 2004 ita

45 2056 64 2065 -
89 2030 211 2113 scripta
244 2040 333 2090 sunt:
377 2025 1100 2098 ΑΦΟΤΤΕΡΠΑΝΛΡΟΣΟΔΕΡΔΕΝΕΟΣ

92 2123 777 2187 ΟΛΕΣΒΙΟΣΤΟΥΣΝΟΜΟΤΣΤΟΤ..
930 2134 1029 2195 ,,Α

37 2293 40 2300 ,
89 2221 229 2282 mu.
216 2267 224 2280 .
244 2265 252 2280 .
271 2199 300 2284 Δ
320 2266 327 2280 .
349 2218 708 2282 precaremur
725 2264 849 2281 .....
867 2225 1003 2288 Aura
1022 2227 1096 2313 lpse

91 2305 260 2416 Seldenus
275 2317 395 2381 nullum
420 2317 483 2381 loci
501 2317 687 2380 restituendi
705 2316 880 2402 periculum
898 2321 983 2386 fecit.
1021 2325 1097 2391 Pal·

89 2421 367 2500 meriusvero‚pro
378 2415 547 2476 ΟΥΣΘΑΙ
562 2415 734 2491 ΑΤΛΗΤ,
746 2416 828 2476 ΟΓΣ
838 2420 927 2482 ΚΑΙ
935 2422 1065 2483 ΑΤΛΗ
1068 2430 1099 2487 Τ

90 2533 254 2606 reponens
272 2512 465 2576 confidenter
487 2515 531 2575 ita
556 2511 714 2600 supplevit
734 2512 880 2578 lacunas:
905 2517 1098 2584 ΤΟΥΣΝΟ-

34 2641 40 2651 ·
90 2610 1054 2680 ΜΟΥΣΊῸΤΣΛΤΡΛΣΚΑΙΑΤΛΩΝΕΔΙΛΑΞΕΝΟΥΣ

92 2708 714 2784 ΚΑΙΑΤΛΗΤΑΙΣΣΤΝΗΤΛΗΣΕ,
752 2706 840 2770 hisce
874 2710 980 2774 verbis
1008 2715 1095 2779 adie-

94 2808 168 2870 ctis:
192 2803 295 2870 Posui
318 2802 419 2887 λύρας,
448 2827 485 2869 eo
513 2805 599 2888 quod
625 2801 745 2867 scidas
770 2805 810 2866 cle
837 2824 875 2866 eo
907 2806 1095 2889 Terpoudro

94 2903 191 2980 deluit,
211 2924 280 2966 παπ
304 2909 440 2988 primum
459 2897 568 2981 νόμους
586 2897 724 2982 λυρικοὺς
743 2906 921 2983 scripsisse.
963 2903 1019 2970 De
1035 2905 1095 2972 loc

96 3000 288 3085 Teupandro
308 3019 427 3081 operae
450 3004 592 3081 pretium
611 3005 663 3062 est
678 2997 790 3061 cidere
803 2999 965 3063 Pollucem
979 3011 1014 3065 et
1025 3025 1095 3068 eum

89 3103 271 3184 castigare,
294 3120 331 3162 eo
349 3098 433 3182 quod
447 3106 549 3180 putat
570 3118 624 3161 eos
642 3116 771 3171 errare,
794 3101 851 3180 quc·
873 3091 981 3175 copone
1002 3096 1095 3178 αὐλη-

89 3193 191 3267 τικοὶς
211 3201 247 3283 ον’
264 3194 425 3266 tribucum
447 3204 485 3258 at
506 3215 561 3257 eos
580 3213 789 3270 uouemere,
809 3198 928 3256 asserit
943 3191 1003 3258 Ιιοα
1023 3197 1092 3261 loco

86 3314 241 3358 marmor.
294 3291 450 3378 Equidem
478 3292 638 3354 nonsatis
658 3293 766 3356 iuuari
787 3313 916 3378 possum
936 3296 1095 3358 temerita-

88 3403 158 3457 tem
178 3393 250 3467 viri,
279 3393 333 3476 qui
361 3393 541 3453 coniectura
564 3379 661 3473 plane
687 3392 854 3453 temeraria
871 3381 1004 3452 disertas
1027 3413 1095 3455 cer·
1191 3471 1196 3478 Ι

64 3501 202 3574 ¹tasque
222 3485 367 3578 pelorum
387 3489 584 3559 narrationes
602 3483 745 3549 refellere
767 3488 909 3549 tentavit.
950 3481 1019 3556 Nee
1041 3488 1095 3550 de·

86 3586 219 3648 fuerunt
246 3598 364 3660 tamen,
392 3585 446 3669 qui
471 3587 660 3647 sententiam
690 3582 884 3647 aPalmerio
901 3587 1095 3668 propositam
1131 3587 1137 3599 ²

79 3681 262 3768 ‚probarent
287 3704 325 3746 ao
353 3694 568 3768 sequerentur.
620 3678 769 3743 Burettus
795 3679 850 3763 (in,
867 3677 966 3745 Mem.
992 3681 1094 3746 Acad.

86 3778 189 3843 Inscr.
208 3777 304 3843 Tom.
324 3775 371 3857 X,
392 3800 423 3863 p.
444 3777 528 3862 2'15.)
548 3781 760 3843 coniecturam
777 3778 812 3840 in
830 3775 1012 3850 Chronicpn
1031 3777 1094 3840 Pa·

85 3879 173 3939 rium
198 3867 221 3940 a¹
245 3873 402 3938 Palmerio
431 3874 551 3940 illatam
579 3877 784 3939 certissimam
814 3895 885 3937 essa
920 3869 981 3935 sibi
1019 3896 1092 3958 per·
1166 3943 1169 3950 ‚

87 3977 220 4036 suasmn
240 3971 373 4050 habens,
399 3994 439 4036 eo
465 3972 536 4038 loco
567 3972 607 4036 ad
627 3970 799 4047 Pollucem,
827 3971 880 4055 qui
902 3988 1015 4033 nomos
1035 3992 1092 4035 au·
