2772 4684
504 429 712 448 “·“·······
1065 403 1112 475 59

77 585 256 668 suffecto,
284 588 379 654 maris
408 585 576 672 imperium
597 577 849 652 Atheniensibus
878 593 984 656 cessit.
1023 590 1113 660 Socii

78 705 231 764 ornnes,
250 687 304 774 qui
320 683 414 750 antea
434 681 701 747 Locedsemoniis
718 699 899 769 pnruernnt,
921 689 1114 757 nuncAtbe-

82 783 267 848 niensium
290 781 503 872 sequebantur
524 767 766 860 auctoritatem,
793 782 855 850 boc
878 799 984 851 tamen
1019 793 1115 874 pacti,

86 883 141 944 ιἰι
159 883 228 944 iure
247 901 306 953 suo
335 901 375 944 nc
391 877 545 943 libertate
567 878 718 942 contiuuo
739 880 925 964 gauderent
969 881 1041 961 Qua
1061 909 1113 952 ra-

93 980 194 1041 tione
219 973 437 1043 Athenienses
462 987 590 1062 pactum
614 973 691 1037 illud
715 977 871 1044 violootes
893 984 990 1048 sociis
1016 985 1113 1050 liber·

88 1071 199 1142 tatem
224 1078 348 1140 sensim
373 1075 546 1160 eripuerint
571 1091 691 1158 eosque
717 1079 867 1158 potestati
890 1099 968 1143 sune
985 1087 1114 1168 penitus
1148 1143 1152 1152 ,

85 1171 308 1251 subiecerint,
338 1171 394 1238 slii
418 1183 558 1258 narrent,
586 1169 731 1258 equidem
748 1170 804 1235 illo
822 1185 954 1257 tanturn,
973 1201 1054 1317 quoe
1072 1185 1114 1249 od

27 1333 30 1340 ,
87 1267 249 1334 Lesbum
269 1280 422 1356 spectant,
442 1247 584 1333 od'erhm

89 1403 95 1410 ·
191 1363 257 1434 sub
277 1365 376 1431 finem
396 1364 450 1442 Ol.
469 1361 654 1430 LXXXIV
679 1368 764 1431 inter
783 1361 930 1438 Milesios
941 1387 974 1438 et
985 1371 1112 1443 Somnos

98 1461 222 1544 Ιιιιιιιιιι
250 1478 401 1530 exortmu
430 1475 496 1543 est,
526 1465 561 1528 in
588 1485 651 1580 quo
678 1462 799 1528 Milesii
826 1468 993 1537 inferiores
1012 1473 1113 1540 hue-

93 1567 233 1629 ruienses
262 1563 305 1628 ed
327 1562 601 1649 expeditionem
590 1583 625 1626 ιιι
649 1561 778 1628 Samios
804 1539 980 1634 laciendum
1000 1573 1115 1638 incita-

85 1663 188 1728 runt.
245 1659 297 1728 llli
321 1661 401 1725 duce
428 1659 553 1726 Pericle
581 1659 712 1728 Samum
736 1663 924 1746 navigantes
951 1668 1114 1736 democrn-

97 1765 183 1826 tinm
201 1759 248 1825 ibi
260 1761 429 1824 instituunt
454 1767 649 1845 centumque
664 1756 826 1824 obsidibus
847 1761 1006 1843 Lemnmn
1027 1768 1114 1832 delo.

97 1861 149 1924 tis
173 1859 366 1946 praesidium
389 1859 425 1922 in
450 1854 529 1920 urbe
558 1855 829 1944 relinquunt¹¹¹)
875 1856 1114 1929 Rebellnntibur

101 1957 224 2022 Samiis
231 2001 242 2036 ,
269 1955 484 2022 Athenienses
508 1953 648 2032 Pericle,
673 1948 832 2040 Sophocle
857 1971 953 2044 poeto
981 1958 1114 2048 aliisque

101 2054 238 2120 ducibus
257 2057 375 2118 iterum
394 2055 428 2117 iu
451 2072 508 2116 eos
531 2064 738 2136 susceperunt
759 2053 1005 2137 expeditionem.
1046 2058 1114 2123 Ad-

58 2175 65 2210 ι
103 2154 236 2218 fuerunt
251 2149 365 2218 Lesbii
383 2163 417 2226 et
438 2148 513 2214 Chii
530 2139 746 2212 comnovihus
764 2152 1113 2240 vigintiquinque,¹¹²)

107 2251 224 2340 quibus
242 2249 348 2338 paullo
368 2260 441 2336 post
460 2259 665 2311 accesserunt
682 2246 813 2330 triginta
832 2247 1006 2335 aliae.¹¹³)
1047 2255 1132 2316 Le„

104 2348 198 2414 sbum
223 2352 311 2426 enim
333 2349 453 2433 pariter
480 2343 574 2433 utque
602 2343 717 2408 Chium
738 2342 858 2432 aliquot
877 2365 976 2411 naves
996 2351 1113 2413 missae

101 2459 208 2524 erant,
228 2463 311 2534 qnae
331 2444 485 2510 auxillum
503 2440 741 2528 peterent.¹¹⁴)
783 2441 911 2508 llloruru
939 2465 1037 2532 opero
1057 2447 1113 2511 ad·

101 2547 192 2610 intus
219 2541 358 2608 Pericles
380 2541 518 2618 Seruios,
546 2554 713 2629 postquem
731 2543 794 2627 ipsi
810 2563 868 2627 per
889 2563 1005 2610 novem
1024 2565 1113 2610 men-

102 2661 160 2708 ses
177 2643 370 2718 restiterant,
390 2652 426 2703 ut
445 2660 555 2704 muros
574 2641 735 2705 diruerent
746 2661 916 2730 ‘navesque
938 2642 1114 2728 Athenien·

103 2739 195 2805 sibus
213 2739 377 2804 traderent
398 2757 458 2802 uec
478 2759 544 2802 non
569 2738 706 2804 docento
725 2737 844 2803 talenta
862 2740 1022 2805 solverent
1042 2747 1114 2806 coi·

16 2886 17 2893 ι
107 2839 167 2922 git.
206 2835 331 2901 Eodem-
348 2837 417 2902 fere
442 2839 567 2902 rodone
595 2835 725 2924 reliquis
755 2833 1000 2903 Atheniensium
1018 2842 1114 2904 sociis

106 2933 237 3000 libertas
257 2929 405 3021 adempta
424 2947 483 2998 est.
524 2931 608 2997 Cum
629 2934 714 2997 euim
731 2932 778 2996 illi
796 2936 963 3020 quominus
981 2939 1114 3002 coniun-

103 3035 167 3098 ctis
195 3032 314 3100 viribus
341 3053 413 3096 sese
441 3030 648 3096 defenderent
681 3031 839 3094 discordia
864 3030 1115 3114 prohiberentur,

97 3139 218 3198 ''omues
236 3129 360 3198 subacti
371 3144 462 3210 suut,
483 3129 573 3194 Chiis
592 3127 783 3217 Lesbiisque
802 3132 958 3215 exceptis.
1000 3129 1111 3220 Neque

866 3321 1116 3336 ...Μ-..ιη

177 3441 236 3505 ⁸¹¹)
254 3440 411 3512 Thucydid.
431 3443 452 3509 1,
471 3439 535 3495 115.
607 3485 609 3490 .

179 3537 238 3603 ¹¹²)
259 3535 415 3606 Thucydid.
434 3536 456 3600 1,
476 3534 541 3591 116.

178 3629 237 3693 ¹¹³)
258 3629 415 3702 Thucydid.
430 3631 452 3695 l,
476 3628 537 3680 117.
979 3641 981 3648 ·

181 3721 245 3792 ¹¹⁴)
262 3723 419 3794 Thucydid.
437 3726 458 3788 1,
476 3722 540 3776 llti.
560 3724 628 3776 Cum
648 3719 721 3789 opud
738 3716 909 3771 Athenaeum
929 3714 1003 3780 XIII,
1013 3729 1040 3784 p.
1051 3711 1116 3766 603.

106 3803 141 3858 F.
154 3803 205 3858 lon
234 3813 320 3875 poeto
339 3808 423 3871 dicat,
445 3822 475 3859 so
499 3820 562 3864 cum
585 3805 754 3874 imperatore
772 3801 910 3870 Sophocle
929 3799 1050 3851 Lesbum
1069 3811 1116 3847 nn·

1 3903 2 3909 ¹
107 3885 224 3955 vigente
252 3903 432 3958 congressum
460 3903 522 3941 esse
548 3887 577 3938 in
594 3887 684 3942 insula
706 3883 790 3948 chio,
813 3881 950 3952 suspicari
968 3877 1070 3940 licet,
1062 3878 1117 3946 ipsi

1 3993 2 4000 ι
107 3968 244 4044 Sophocli
261 3971 330 4040 illud
349 3969 483 4037 obtigisse
511 3984 618 4032 munus,
645 3969 763 4023 Lesbios
790 3973 818 4019 et
840 3962 948 4019 Chios
940 3978 968 4013 ιι
987 3959 1055 4012 belli
1071 3976 1115 4012 so-

109 4047 242 4104 cietatem
265 4057 298 4104 ut
316 4057 438 4105 vocaret
482 4052 593 4104 Monuit
613 4052 681 4120 hug.
707 4050 849 4103 Seidlerus
872 4047 902 4098 in
921 4042 1117 4096 dissertatione

108 4132 144 4192 dt
162 4132 310 4212 Sophoclis
326 4135 475 4203 Antigona,
499 4148 570 4204 qnae
588 4132 740 4190 Hermunni
759 4127 876 4188 editioni
892 4125 1044 4198 praemisso
1063 4130 1114 4175 est
