2746 4670
521 401 721 418 ..Μ-

113 547 1098 618 ruuemnroaeaaamorrrmmmaraarnrau
1126 523 1170 636 ς’

109 655 256 728 οοοίὶοὶι,
273 649 312 714 do
332 644 511 733 Terpandri
532 669 638 712 coram
655 649 774 735 populo
791 651 1115 718 Lacedaemoniorum

42 827 45 836 Ι
112 751 171 814 lite
193 749 345 833 cogitans,
369 766 464 831 quarn
492 745 534 822 ad
557 747 630 808 rem'
654 745 744 810 infra.
762 744 944 814 redibimus.
985 751 1113 814 Lectio·

114 845 254 912 nes-hae
276 842 316 906 ad
346 859 443 905 unam
470 863 579 906 omnes
604 840 704 906 falsae
730 864 831 929 nequa
859 845 924 910 ullo
945 859 1037 931 pacto
1057 847 1111 910 ad·

113 942 281 1008 mittendae
301 951 389 1004 sunt
427 938 549 1003 Varum
565 942 687 1004 invenit
704 941 752 1004 vir
769 939 879 1004 doctus
898 946 933 1006 in
952 941 1111 1012 Observa·

115 1039 250 1106 tionibus
278 1035 508 1112 miscellaneis,
542 1035 612 1098 Vol.
639 1034 681 1113 11,
709 1033 802 1101 Tom.
827 1035 883 1113 111,
908 1062 939 1123 p.
961 1034 1019 1100 tlt
1042 1059 1109 1123 sqq.

109 1139 164 1224 qni
186 1139 223 1199 in
250 1153 287 1218 re
312 1133 399 1200 haud
424 1131 572 1218 ambigua
595 1134 679 1196 iusto
708 1135 866 1218 copiosior
885 1148 934 1200 est
950 1136 1110 1222 nimioque

107 1251 258 1296 sermone
292 1232 335 1296 ad
364 1229 462 1296 falsas
489 1243 666 1294 ceterorum
692 1233 890 1294 coniecttnas
919 1228 1108 1296 refellendas

106 1333 225 1394 utitur:
272 1327 517 1414 Apertissimum
546 1327 631 1389 enim
658 1322 809 1393 Chronici
836 1328 923 1392 Parii
947 1339 1107 1404 auctorem

110 1421 1109 1490 ΤΗΝΕΜΠΡΘΣΘΕΜΟΤΣΙΚΗΝΜΕΤΕΣΤΗΣΕΝεοῐί-

104 1527 221 1610 psisse‚
241 1521 283 1586 ad
302 1525 456 1586 musicam
476 1519 691 1606 a'l'crpandro
710 1534 862 1588 mutatam
875 1523 1106 1606 respicientem.

96 1617 205 1686 'Recte
226 1619 328 1684 idern
336 1619 384 1682 vir
409 1619 520 1684 doctus
548 1629 657 1682 monet
684 1619 866 1684 inferiorem
886 1619 1003 1683 lineam
1021 1617 1106 1681 litte·

50 1751 54 1760 =
102 1743 161 1784 rae
175 1718 210 1780 Σ
225 1715 319 1782 facile
340 1719 423 1782 sumi
440 1717 582 1802 potuisse
605 1735 664 1800 pro
682 1713 752 1782 basi
767 1717 890 1784 litterae
909 1719 945 1792 Δ,
967 1735 1038 1785 carn
1053 1713 1105 1778 lit·

107 1832 195 1880 terae
222 1827 287 1880 tam
310 1817 403 1879 tritae
432 1814 559 1890 fuerint,
584 1824 619 1876 ut
644 1814 714 1876 sine
740 1816 882 1879 maxhno
909 1813 1018 1880 labore
1040 1801 1105 1896 tegi

106 1933 173 1980 non
194 1926 336 1999 possent.
381 1911 633 1976 ΜΟΤΣΙΚΗΝ
654 1917 796 1999 reposuit
823 1918 919 1978 etiam
945 1909 1104 1976 Chandle·

104 2033 161 2078 rus
178 2012 214 2076 iu
242 2033 301 2076 sua
327 2009 525 2078 Marmorum
546 2009 845 2098 Arundellianorum
869 2012 1019 2086 editione,
1046 2027 1103 2070 ne·

101 2111 167 2198 que'
188 2131 260 2174 earn
278 2108 343 2174 loci
363 2108 550 2172 restituendi
567 2111 725 2173 rationem
741 2104 909 2192 ignorabat
926 2102 951 2168 l.
971 2102 1009 2167 R.
1023 2102 1050 2167 F
1051 2123 1101 2172 or·

102 2221 218 2285 sterus,
246 2210 302 2294 qui
321 2209 355 2270 in
382 2229 423 2269 eo
444 2204 594 2271 Chronici
614 2206 702 2274 Parii
721 2203 880 2288 exemplo,
899 2201 983 2288 quod
1002 2202 1103 2285 ipsius

25 2355 30 2362 .
101 2327 200 2372 manu
223 2307 384 2390 scapton.
397 2306 433 2368 in
451 2302 643 2369 bibliotheca
659 2303 859 2371 Berolinensi
876 2312 1029 2374 servatur,
1048 2317 1118 2362 su»

98 2428 158 2491 per
172 2405 310 2470 litteram
330 2402 359 2463 Δ
379 2404 525 2466 exaravit
544 2406 584 2468 Σ.

187 2498 358 2576 Quaeritur
378 2519 472 2579 nunc,
495 2523 629 2587 quanam
648 2503 770 2567 ratione
792 2509 931 2563 veterem
951 2497 1119 2561 musicam.

99 2598 271 2684 mutaverit
291 2594 488 2684 Terpander.
537 2599 644 2664 Primo
666 2598 738 2664 loco
759 2597 838 2662 illud
855 2613 1101 2662 commemoran-

99 2698 189 2774 dmn,
218 2692 417 2778 euar‘lyram
441 2711 589 2785 quattuor
617 2696 750 2762 antehac
777 2693 894 2764 fidibus
922 2703 1101 2760 contentam

100 2808 224 2880 septem
251 2797 358 2858 nervis
378 2795 513 2880 primum
538 2796 739 2867 instruxisse,
770 2814 832 2878 qua
854 2793 893 2854 de
913 2814 948 2853 re
968 2809 1033 2852 non
1054 2798 1103 2851 est

103 2913 158 2956 cur
178 2889 369 2968 dubitemus,
391 2913 461 2956 cum
479 2888 753 2976 ipse'l'erpander
777 2891 899 2959 inventi
915 2883 1102 2971 heptachor-

102 2992 134 3055 di
153 2990 289 3078 gloriam
310 2988 372 3054 sihi
388 2991 527 3054 vindicet
547 2986 690 3052 versibus
712 2986 799 3054 hisee
822 2983 861 3048 ab
872 2982 1003 3048 Euclide
1014 2978 1101 3070 Stra7

96 3087 246 3177 boneque
267 3090 417 3158 servatis:

181 3203 287 3287 Ἡμεῖς
307 3227 357 3267 τοι
374 3201 555 3288 τετράγηρον
570 3202 806 3287 ἅποοτέρξαντες
825 3194 929 3280 ἀοιδὴν

182 3300 365 3383 ‘Emathia
386 3300 527 3385 φόρμιγγι
546 3301 630 3366 νέους
643 3298 839 3379 κελαδήσομεν
850 3295 1020 3380 ὕμνους.“)

171 3577 214 3639 ⁴⁵)
233 3575 400 3633 Sicversus
425 3577 554 3645 leguntur
580 3578 652 3645 apud
677 3576 784 3635 Euclid.
802 3577 949 3632 introduct.
968 3575 1100 3632 nomon

65 3689 77 3708 2
96 3677 126 3729 p.
149 3659 196 3713 19.
224 3659 325 3722 Strabo
349 3657 397 3709 lib.
420 3656 492 3710 Xlll.
520 3675 545 3726 p.
572 3657 636 3711 618.
662 3675 772 3713 versum
791 3649 913 3726 priorem
930 3659 971 3712 ita
990 3657 1100 3710 scribite

96 3736 155 3794 Σοὶ
178 3735 207 3794 δ’,
237 3737 315 3809 ἡμεῖς
343 3735 504 3810 ιειροίγηρον
528 3736 746 3811 ἀποστρέψαντες
776 3735 876 3808 ἄοιδὴν.
914 3737 1099 3792 Posterlorern

3 3877 5 3882 ,
96 3823 189 3876 habet
208 3823 294 3880 etium
314 3822 440 3874 Clemens
457 3822 653 3874 Alexandrinus
673 3821 804 3876 Stromat.
809 3821 843 3885 11,
862 3818 965 3890 poso.
977 3822 1006 3872 G.
1021 3819 1099 3870 lmu-

66 3974 68 3978 .
94 3899 169 3976 τόνῳ
188 3901 321 3977 φόρμιγγι
342 3899 417 3962 νέους
436 3898 645 3972 ιιελοδὴοομιν“’
627 3921 734 3972 οιμνοις,
751 3901 861 3972 ποιητής
877 3921 916 3962 τις
934 3895 982 3953 οὐκ
999 3895 1101 3969 ασημος

95 3981 253 4058 ypo'qaw-
273 3985 380 4038 Locum
392 3981 647 4036 huncl’lntarchiin
666 3985 737 4038 libro
750 3985 784 4038 do
795 3999 901 4037 musica
918 3997 942 4033 ο
960 3979 1038 4077 ›30st
1026 3981 1101 4051 ομοί-

97 4085 138 4129 ως
161 4062 192 4121 δι’
217 4085 264 4124 και
253 4061 487 4134 Μελανιππίδης
518 4063 533 4120 ό
561 4063 741 4136 μελοποιὸς
727 4081 767 4118 tm
761 4061 919 4134 Μγοόμινος
937 4081 985 4122 ovat
1003 4059 1104 4132 ἐνέμιι-
