2734 4676
479 378 680 398 --·-·-
1040 341 1089 416 73

74 547 113 608 in
132 539 272 608 mrem
299 533 572 619 Syracusanorum
596 537 924 622 praeternavigantem
938 539 1090 623 impetum

73 641 160 706 feeit
177 633 376 720 navibusque
401 633 521 717 potitus
541 641 590 694 est
610 630 848 716 quattuor.¹⁶⁸)
888 635 985 701 Auno
1014 635 1091 703 belli

74 735 239 803 vicesimo
262 742 355 795 sexto
381 725 601 792 Callicratidas
628 728 797 812 Lysandro
820 752 985 800 successor
1014 738 1090 800 ruis·

78 830 320 918 sus,·pecunia
347 823 497 890 eMileto
523 837 556 889 et
586 821 668 891 Chio
693 840 839 913 accepta,
872 827 1090 914 Methymnam
1177 897 1184 922 ἱ

79 931 179 1016 petiit
197 945 328 1013 eamque
355 923 599 990 Atheniensium
617 923 776 1009 praesidio
796 924 958 992 defensam
976 950 1091 996 secun·

82 1027 162 1090 dum
178 1025 392 1088 narrationem
410 1015 717 1107 Xenophontis¹⁶⁹)
735 1023 769 1085 vi
791 1029 997 1110 expugnavit,
1010 1039 1090 1092 teste

80 1121 231 1193 Diodoro
263 1117 372 1184 Siculo
386 1117 458 1203 ¹⁷⁰)
489 1117 653 1183 bominum
683 1120 879 1204 quorundam
911 1125 1090 1207 proditione

79 1221 211 1286 adiutus
237 1219 274 1282 in
300 1227 490 1304 potestatem
512 1217 643 1301 recepit.
684 1211 772 1280 Urbe
799 1214 953 1304 occupata
972 1219 1108 1288 liberos'

79 1315 332 1402 Methymnaeus
367 1313 544 1402 militesque
577 1310 822 1378 Atheniensium
857 1336 954 1380 menn
995 1319 1092 1398 misit,
1207 1369 1210 1376 ,

83 1435 199 1480 servos
222 1425 328 1478 autem
352 1411 495 1502 vendidit
518 1407 722 1494 omnes-¹⁷¹)
771 1408 867 1486 Quod
886 1435 958 1494 curn
976 1412 1091 1482 Conon

86 1512 204 1578 classis·
216 1508 463 1576 Atheniensium
484 1509 553 1573 dux
572 1508 613 1572 ad
629 1528 722 1592 opem
734 1507 968 1591 Metbyrnnaeis
986 1513 1093 1579 leren-

83 1611 159 1676 daru
187 1609 350 1696 profectus
376 1608 594 1693 cognovisset,
625 1605 667 1669 ad
692 1605 829 1670 insnlam
858 1630 954 1674 unam
978 1632 1021 1674 ex
1041 1615 1093 1690 iis,

82 1730 168 1798 quae
185 1699 406 1786 Ἑκατόννησοι
427 1701 676 1789 appellabantur,
702 1707 909 1790 pernoctavit,
929 1706 1013 1770 unde
1034 1730 1093 1793 po·

84 1805 199 1872 stridis
216 1801 315 1868 ¹marte
340 1799 438 1866 solvit
463 1798 702 1888 Mytilenenque
726 1822 839 1869 versus
862 1824 986 1868 cursum
1009 1806 1093 1870 dire·

86 1905 142 1968 xit
173 1901 305 1968 classem
342 1897 563 1964 Callicratidee
600 1898 800 1967 multitudine
819 1906 826 1977 ξ
842 1902 970 1965 navium
1001 1923 1093 1970 suam

82 2000 195 2086 louge¹
213 1996 454 2062 antecedentem
473 2009 628 2060 metuens.
668 1993 909 2081 Insequentibus
929 1999 1093 2065 Lacedae·
1214 2034 1218 2047 ·

82 2097 202 2164 moniis
223 2092 380 2182 proelium
405 2095 446 2159 ad
460 2091 612 2158 Lesbum
638 2094 839 2157 cormuissum
855 2107 919 2172 est,
946 2119 1009 2183 quo
1027 2096 1093 2162 Co·

85 2213 154 2260 uon
176 2189 400 2276 devictus¹⁷²)
417 2194 451 2256 in
470 2202 596 2276 portum
615 2186 786 2271 Mytilenes
807 2193 1094 2276 septentrionalem,

86 2289 226 2358 navibus
248 2291 376 2376 triginta
393 2288 536 2376 perditis,
555 2308 591 2350 se
612 2289 732 2371 recepit
754 2299 786 2350 et
801 2309 882 2374 quae
894 2289 936 2352 ad
953 2289 1094 2357 hostium

87 2394 155 2456 vim
182 2387 351 2454 arcendum
384 2388 579 2474 pertinerent
609 2387 734 2470 paravit
758 2387 882 2462 omnia,
910 2408 973 2472 qna
997 2388 1033 2452 in
1055 2411 1093 2453 re

80 2495 215 2576 'praeter
238 2483 454 2550 Athenienses
502 2485 650 2569 civesque
690 2480 903 2566 Mytilenaeos
936 2485 1093 2571 agricolas

72 2583 207 2652 mules
221 2585 258 2648 in
281 2580 392 2647 urbem
420 2593 633 2668 congregatos
658 2579 819 2646 adiutores
846 2580 967 2648 habuit.
1014 2585 1094 2650 Por·

88 2697 158 2749 turn
175 2685 222 2748 ita
234 2681 383 2757 munivit,
402 2691 438 2742 ut
457 2678 610 2748 militibus
629 2679 665 2742 in
684 2677 814 2742 brachio
834 2691 967 2767 utroque
988 2682 1095 2770 dispo·

89 2785 173 2859 sitis,
189 2783 260 2868 ipse
287 2797 360 2842 cum
383 2775 494 2840 classis
520 2791 610 2862 parte
630 2775 769 2840 medium
791 2778 906 2841 ostium
927 2777 1097 2856 obsideret,
1139 2840 1141 2846 ,

92 2876 229 2962 reliques
257 2895 359 2940 naves
382 2873 425 2939 ad
450 2874 595 2944 dextrmn
624 2871 809 2958 laevamque
836 2872 1096 2957 collocaret¹⁷³)

4 2965 10 2974 ’
93 2970 242 3040 Hostium
266 2970 380 3036 classis
410 2993 481 3037 cnm
509 2971 673 3034 adveniret
700 2972 919 3036 saevmsimum
949 2985 1096 3036 exortum

91 3081 143 3134 est
170 3081 341 3148 certamen,
367 3065 617 3136 Atheniensibus
641 3079 675 3131 st
700 3065 904 3150 Mytilenaeis
932 3068 1097 3132 Lacedae-

90 3169 271 3234 moniorum
301 3169 367 3232 vim
395 3167 566 3242 fordeume
594 3161 859 3251 propulsantibus.
906 3160 974 3228 lam
1000 3161 1098 3228 Calli-

92 3264 230 3328 cratidas
259 3265 382 3351 proelio
408 3267 583 3349 interrupto
608 3264 713 3350 quiete
742 3283 818 3328 suos
844 3259 951 3346 paullo
975 3281 1100 3325 recree-

90 3363 158 3439 vit‚
182 3359 297 3426 deiude
323 3383 433 3450 pugna
457 3363 673 3447 redintegrata
699 3371 733 3422 et
759 3358 991 3444 impedimentis
1019 3380 1099 3445 quae

165 3605 225 3674 ¹⁶⁸)
243 3604 372 3676 Xenoph.
391 3605 464 3662 nist
485 3604 587 3660 Graec.
606 3603 673 3668 1‚2,
694 3601 739 3662 12,

125 3749 131 3761 .
165 3699 224 3770 ¹⁴⁹)
243 3699 319 3754 Hist.
347 3699 447 3756 Gracc
464 3699 486 3764 1,
503 3700 531 3761 d,
553 3696 597 3751 1³.

166 3791 468 3857 &mmm

165 3885 224 3945 ¹⁷¹)
240 3883 367 3954 Xenoph.
383 3886 419 3938 Η.
437 3885 485 3939 Gr.
502 3884 524 3948 l,
543 3884 571 3948 6,
591 3880 635 3942 15,

168 3979 226 4038 ¹⁷²)
243 3977 358 4030 Diodor.
378 3978 462 4032 Sicul.
486 3977 560 4040 Xlll,
578 3975 623 4029 ⁷7.

168 4070 227 4131 ¹⁷³)
246 4069 360 4130 Diodor.
379 4071 463 4130 Sicul.
482 4071 554 4138 xlll,
574 4067 618 4124 78.
635 4067 760 4140 Xenoph.
779 4066 814 4120 il.
834 4066 881 4122 Gr.
901 4064 923 4127 1,
941 4064 969 4127 θ,
990 4061 1032 4114 17.
