2734 4676
472 311 674 378 -·--’--
935 293 1076 400 'aa

47 515 144 602 apud
175 499 396 592 Thucydidem
424 507 539 572 suadet
566 493 834 592 Atheniensibus,
852 527 888 578 nt
908 517 1075 602 optimates
1179 575 1182 596 ,

46 626 184 677 tanturm
211 629 318 696 poena
345 604 501 684 afficiant,
530 627 550 670 a
572 606 665 702 plebe
685 629 764 674 vero
792 613 904 729 capitis
924 613 1074 682 condem·

48 699 170 774 nanda
199 729 234 771 sa
267 703 457 768 abstineant.
515 704 560 766 Et
589 683 786 796 διαφθερεῖτε
811 707 866 771 nde
891 705 986 794 δῆμον
1010 717 1074 776 sois

49 805 286 885 Μιτυληναίων,
310 798 345 874 ἃς
377 823 446 863 cors
470 799 585 882 μετέσχε
612 804 665 882 τῆς
685 793 896 885 ἀποστάσεως,
923 806 1021 892 &mg
1040 831 1073 874 τε
1149 867 1155 879 .
1209 824 1213 832 ,

53 903 167 966 ὅπλων
189 891 357 986 ἐκράτησέν,
386 895 461 959 ἑκὼν
483 895 639 982 παοέδωκι
669 897 724 980 τὴν
749 896 838 966 πόλιν
854 933 898 954 --·
921 903 1072 987 ἅδικησιιι

55 998 135 1071 τοὺς
162 995 313 1080 εὐεργέτας
339 995 504 1066 κτείνοντες.
551 996 657 1061 Etiam
684 1008 759 1082 post
781 1001 1017 1085 expeditionem
1035 1009 1070 1072 ιιι

53 1095 205 1162 Siciliam
231 1095 356 1169 factam,
385 1111 456 1156 cum
475 1093 612 1156 denuo’
601 1113 636 1156 m
652 1093 978 1164 Lacedaemoniorum
998 1125 1074 1188 par.

54 1209 109 1258 tes
140 1193 312 1256 transirent
335 1187 449 1254 Lesbii
474 1193 667 1275 optimates,
692 1177 786 1278 'plebs
808 1191 922 1258 fidem
934 1193 1073 1268 senam

20 1299 24 1302 '
54 1287 322 1356 Atheniensibus.
364 1285 451 1350 Hinc
470 1287 673 1373 intelligitur,
686 1309 744 1353 cur
763 1288 862 1407 legati
880 1293 922 1356 ad
933 1293 1070 1382 Agidam

55 1391 99 1452 de
120 1388 301 1450 defectione
326 1382 462 1470 profecti
488 1381 528 1446 ab
551 1407 591 1448 eo
617 1399 737 1470 petant,
757 1401 793 1452 ιιι
811 1391 917 1454 mimis
935 1393 1070 1465 nasibus

55 1485 193 1571 subigat
216 1479 355 1547 insulam
392 1493 485 1567 atque
514 1480 788 1548 Atheniensibus
790 1496 937 1570 ereptum
964 1489 1068 1556 Lace·

52 1585 235 1648 daemoniis
262 1577 426 1652 conciliet,
452 1575 526 1640 binc
554 1592 659 1665 patet,
686 1601 741 1644 cur
766 1596 840 1668 post
864 1606 1004 1670 pugnam
1025 1591 1068 1670 ad

49 1681 208 1745 Piraeum
242 1689 367 1780 portum
398 1673 513 1740 factam
548 1673 621 1740 Chii
651 1669 888 1764 expeditionem
914 1657 1068 1751 adsersus

49 1775 204 1842 Lesbum
226 1767 430 1860 susceperint,
457 1772 594 1837 insulam
620 1781 657 1838 ei
676 1774 716 1839 ab
740 1775 988 1846 Atheniensibus
1010 1783 1066 1848 ab·

52 1875 242 1938 alienatori.
291 1870 344 1950 lis,
372 1871 520 1958 quaeda
546 1871 721 1956 obgarchia
748 1872 935 1961 Olympiade
965 1877 1065 1946 cml.

49 1969 233 2054 Mytilenes
258 1971 402 2034 instituta
429 1968 512 2053 apud
537 1966 787 2036 Demosthenem
812 1971 958 2059 legimus,
986 1976 1064 2042 illud

49 2065 234 2154 significari
250 2065 424 2152 putandum
445 2078 504 2143 est,
524 2068 708 2152 optimatmn
716 2070 891 2153 potentiam
903 2085 969 2136 tum
986 2086 1065 2139 tem·

51 2167 145 2250 poris
171 2186 309 2253 eousque
339 2167 528 2242 accrevisse,
553 2175 585 2226 et
607 2184 667 2248 ope
687 2162 791 2228 aliena
822 2165 920 2232 adiuti
940 2170 1066 2256 plebem

52 2261 236 2345 opprimere
265 2283 479 2350 surumamque
508 2283 615 2324 rernm
646 2259 708 2322 sibi
741 2257 901 2326 vindicare
922 2281 1064 2350 possent.

50 2357 122 2421 Iam
153 2361 330 2448 quaeritate,
359 2361 487 2447 quinam
514 2357 869 2443 iisterrrporibuS,cu1n
890 2383 992 2450 neque
1012 2387 1064 2428 re·
1091 2375 1092 2384 ’

50 2477 132 2541 gum
154 2476 258 2544 neque
278 2469 482 2540 tyrannorum
503 2457 635 2540 imperio
657 2449 792 2520 subiecti
813 2473 921 2523 essent
941 2459 1064 2543 Lesbii,

49 2552 242 2618 muneribus
261 2552 394 2640 publicis
415 2553 515 2616 functi
535 2554 683 2620 luerint.
704 2553 859 2637 Prytanes
876 2557 950 2621 inde
972 2581 992 2623 a
1012 2582 1064 2623 re·
1072 2602 1076 2610 -

51 2653 110 2736 gia
132 2650 287 2738 dignitate
316 2639 501 2738 abrogata'
491 2673 527 2715 rn
555 2647 821 2736 Mytilenaeorum
853 2659 978 2720 civitate
1004 2679 1063 2720 ex-

18 2772 22 2781 ’
53 2751 174 2812 stitisse
206 2749 364 2812 videntur.
381 2748 409 2831 ⁷)
477 2745 529 2814 De
564 2747 750 2833 prytanibus
785 2749 906 2813 Eresiis
939 2751 1063 2817 duobus

56 2857 143 2908 certe
162 2843 250 2910 libris
279 2860 474 2932 exposuerat
500 2843 640 2909 Phanias
661 2839 792 2908 Erosius
812 2846 993 2912 Aristotelis
1015 2851 1064 2913 di-

20 2987 23 2991 ,
51 2940 245 3028 scipnlus⁸)
291 2943 345 3008 Ex
372 2942 432 3008 hoc
458 2946 493 3006 ιιι
522 2945 635 3004 ceteris
664 2964 787 3028 quoqne
808 2942 908 3008 Lesbi
928 2949 1063 3011 civitati-

49 3038 111 3104 bus
143 3054 295 3127 prptanes
329 3042 429 3105 fuisse
462 3037 569 3124 colligi
600 3053 716 3125 potest.
774 3039 911 3104 Senatus
936 3037 1060 3124 (βόιλα)

49 3157 126 3200 cum
153 3137 272 3221 populo
291 3135 407 3220 (δάμῳ)
433 3140 619 3203 coniunctus
638 3135 774 3202 occurrit
793 3139 826 3200 ιιι
846 3135 1070 3221 inscriptioni-'¹

13 3309 14 3312 Ἴ
48 3229 165 3316 bus,⁹)
185 3257 266 3320 quae
288 3248 478 3301 tamennon
499 3233 592 3299 valde
614 3238 762 3320 antiquae
784 3247 867 3298 snut.
899 3233 1061 3301 Vetustis-

119 3439 633 3515 ⁷)athen.x,p.424.1lust.ad
658 3444 740 3496 Hom.
764 3459 791 3512 p.
811 3439 892 3506 1280,
912 3443 957 3495 27.
975 3440 1059 3510 Spou.

48 3523 133 3576 bruc.
150 3523 260 3580 Erudit.
280 3533 337 3580 sut.
352 3545 379 3596 p.
404 3526 467 3580 348.
487 3527 559 3579 Num
584 3541 619 3578 ex
639 3541 735 3578 eorum
751 3539 865 3576 numero
884 3523 1061 3592 eligebantur
1098 3587 1102 3594 ,

45 3593 191 3678 πρόεδροι.
212 3609 250 3661 'ad
267 3623 336 3678 quos
355 3611 489 3660 mandata
505 3608 787 3661 Lacedaemoniorum
809 3621 827 3656 a
846 3604 978 3658 Salaetho
998 3619 1058 3672 per·

46 3683 108 3736 lata
128 3701 191 3740 esse
211 3687 264 3752 lll,
282 3689 328 3742 25.
349 3689 447 3750 scribit
472 3687 667 3758 Thucydides?
686 3688 726 3740 Cf.
742 3687 950 3754 inscriptionem
971 3687 1057 3744 sollae
1128 3737 1130 3744 ,

47 3781 225 3822 marmoreae
245 3785 289 3837 ap.
309 3769 429 3824 Pocock.
449 3771 546 3823 Descr.
567 3770 672 3821 orient.
689 3767 735 3820 lll.
755 3783 781 3837 p.
803 3766 847 3821 15.

118 3859 146 3924 ⁸)
164 3859 264 3916 Athen.
283 3861 355 3915 Vlll.
381 3879 408 3932 p.
427 3859 492 3914 333.
509 3863 541 3914 A.
889 3933 891 3942 Ι

39 3941 42 3948 ’
120 3941 153 4018 ’)’
170 3949 256 4020 Spon.
274 3953 355 4008 Mire
373 3955 472 4008 erudit.
492 3955 576 4023 antiq.
601 3951 636 4016 X,
659 3949 703 4006 79.
720 3968 746 4020 pa
765 3949 829 4005 348.
842 3951 955 4006 -Sestini
970 3949 1055 4018 Viag·

25 4028 79 4098 ,εἰ
95 4043 125 4100 Ρ·
151 4029 198 4086 91.
220 4033 340 4092 Pocock.
355 4035 447 4092 'insen
467 4041 523 4090 anta
546 4034 576 4091 P.
601 4034 622 4090 l.
648 4050 672 4091 ca
690 4035 718 4092 4.
736 4051 759 4089 s.
785 4035 812 4088 ιι.
830 4049 857 4104 p.
873 4027 928 4086 'ta
947 4031 1055 4084 Villois.
1158 4097 1161 4102 Ι
