2734 4676
58 555 114 629 τὰς
142 549 176 616 δ’
200 549 265 641 lepti
284 545 398 634 Λέσβῳ
408 541 508 624 'stolslt
527 539 660 608 tabita
676 545 832 630 θαλάσσσ,

146 636 205 733 ἠχὴ
225 645 258 710 δ’
278 643 320 712 oie
342 642 463 729 ἰιριυρῆς
481 637 596 708 πόστον
612 642 713 727 ὀπέσχε
729 643 830 730 λύρης,

61 748 176 832 νήσους
197 743 241 823 τ’,
260 737 414 819 αἰγιαλούς
434 737 474 802 θ’
494 736 661 825 &poploe
683 744 761 806 ἔνθα
780 742 889 821 λίγειαν

23 839 26 851 '
150 843 250 928 ἀνέρες
264 838 402 924 Ὀρρείησ
421 836 574 918 ἐπέρασαν
593 837 730 920 κεφαλήν.
920 827 931 850 ”

63 944 97 1008 ἐν
116 939 152 1006 δὲ
169 938 252 1024 zelus
272 932 374 1022 τύμβῳ·
396 933 517 1015 λιγυρὴν
536 935 642 1015 otcar,
660 935 684 1014 ἢ
701 935 754 1000 sol
772 933 921 1011 ἀναύδους

73 1031 77 1041 ’
123 1059 129 1070 ·
149 1039 262 1123 πέτρας
279 1034 332 1098 stol
351 1031 478 1118 Φόρκου
496 1032 621 1108 στυγνὸν
640 1033 757 1098 ἔπειθεν
777 1033 868 1119 ὕδωρ.

63 1137 95 1201 ἐκ
114 1139 212 1200 seiron
236 1127 353 1216 putreat
370 1153 403 1194 st
423 1127 476 1192 sol
498 1127 600 1214 ἱμερτὴ
619 1132 793 1218 Ισιθσρισσὺὲ
939 1134 942 1142 ’
981 1138 984 1146 “

149 1237 242 1314 sipost
263 1229 341 1314 ἔριν
362 1226 484 1290 πασέων
504 1225 537 1289 τ’
559 1226 639 1291 ἐστὶν
658 1226 889 1311 ἀσιδοτάτη.“)

82 1424 85 1429 ,
152 1349 233 1416 cum
251 1345 342 1412 hisce
361 1342 504 1409 versibus
524 1349 751 1433 comparandus
776 1343 1069 1427 Ovidiiloouthle·

64 1447 223 1536 tumorph.
253 1439 315 1523 XI,
334 1443 383 1508 50.
411 1441 465 1529 qui
491 1456 524 1505 et
548 1446 617 1532 ipse
642 1445 743 1528 lyram
771 1445 891 1533 Orphei
913 1468 977 1510 unu
998 1467 1069 1508 curn

63 1547 212 1613 eiusdem
240 1544 342 1628 capite
364 1538 506 1604 Lesbum
527 1539 662 1605 delatam
682 1564 752 1606 esse
771 1557 886 1607 narrat.
929 1543 995 1608 Alii
1012 1561 1069 1606 so·

62 1645 130 1712 lam
154 1643 275 1726 lyram,
290 1637 338 1722 ¹⁶)
369 1635 425 1700 ulii
449 1634 552 1700 solum
579 1638 734 1724 oaput¹⁷)
759 1663 797 1704 eo
824 1643 974 1705 reieeturn
999 1659 1069 1701 ease

47 1734 207 1818 ,uadunt
231 1737 269 1801 ln
286 1737 420 1822 regione
433 1721 614 1814 Anhssaeu,
633 1735 688 1802 ubi
710 1752 803 1825 eaput
824 1737 945 1826 Orphei
966 1732 1071 1820 sepul-

67 1853 140 1904 tum
166 1832 362 1923 perhibetur,
387 1830 538 1896 luscinias
565 1833 686 1897 dulcius
717 1857 810 1922 quam
837 1836 907 1900 aliis
932 1836 968 1897 in
991 1832 1071 1896 loeis

70 1935 229 2001 cecinisse
251 1929 346 1995 refert
363 1926 515 2011 Myrsilus
532 1929 681 1996 Lesbius.
695 1931 744 2017 ¹⁸)
786 1932 977 1997 Philostrato
999 1950 1073 1991 nar-

67 2045 163 2098 rante
188 2041 281 2116 oapnt
316 2025 438 2114 Orphei
471 2048 637 2093 cavernam
669 2029 772 2095 Lesbi
806 2028 985 2092 inhabitent
1007 2040 1073 2088 tarn

27 2139 31 2148 ’
68 2127 211 2196 celebria
245 2123 344 2191 enuit
372 2124 518 2203 oraculo,
550 2140 586 2190 ut
610 2127 756 2190 homines
783 2124 920 2191 sortibus
947 2122 1072 2197 Clariis,

69 2227 212 2310 Gryneis
236 2221 464 2308 ao‚Delphieis
491 2217 644 2309 neglectis
670 2225 704 2286 in
735 2222 835 2288 solnm
864 2220 1006 2287 Lesbum
1032 2219 1073 2284 ad

71 2322 204 2391 ornoula
220 2321 356 2408 petendu
379 2319 724 2407 proficiscerentur.¹')
861 2379 866 2393 ,
1030 2385 1036 2393 ,

142 2411 338 2486 .Seoundmu
371 2417 453 2482 hano
483 2421 581 2505 igitur
606 2416 744 2482 fabulam
769 2417 921 2505 reliquiae
953 2413 1075 2500 Orphei

69 2523 175 2586 maris
200 2515 345 2583 fluetibus
370 2517 411 2579 ad
435 2515 576 2579 Lesbtun
597 2513 750 2602 appulsae
768 2515 808 2579 ab
829 2515 1004 2602 incolisque
1026 2527 1075 2576 tu-

72 2615 165 2692 mulo
187 2629 348 2680 contectae
370 2614 554 2692 effecerunt,
583 2627 618 2676 nt
638 2614 680 2677 ad
698 2628 797 2679 artem
814 2617 965 2680 musicam
985 2615 1076 2702 inge·

74 2715 254 2779 niosissirni
276 2724 382 2777 essent
399 2711 521 2776 Lesbii.
562 2709 614 2775 De
640 2709 690 2776 his
714 2712 787 2799 qnid
817 2713 1017 2776 statuendum
1035 2713 1077 2774 sit

73 2811 172 2875 hodie
200 2832 295 2876 nemo
320 2813 429 2874 nescit.
478 2807 637 2876 Videlicet
664 2812 802 2874 musicos
828 2809 965 2872 Lesbios
996 2810 1076 2870 anti-

79 2909 230 2995 qnissirno
261 2920 401 2994 tempore
435 2920 501 2972 arte
538 2905 748 2970 citharoedica
774 2906 875 2972 claros
903 2918 1076 2993 poetasque

129 3135 196 3271 ὦ)
214 3119 293 3206 Apud
312 3135 462 3190 stobaeum
480 3133 565 3198 oxu,
586 3149 614 3204 p.
632 3130 695 3187 399.
712 3131 855 3186 Ruhnken.
874 3131 954 3202 epist.
970 3132 1031 3185 crit.
1046 3131 1080 3184 11.

75 3235 107 3288 p.
193 3256 201 3271 .

110 3347 118 3361 .
153 3313 195 3377 ¹⁴)
214 3309 373 3368 Nicomach.
393 3309 489 3362 Geras.
513 3307 561 3360 lib.
584 3308 618 3360 ll.
642 3323 668 3376 p.
691 3306 736 3363 29.
758 3309 823 3360 edit.
840 3307 971 3361 Meibonr.
1007 3309 1082 3378 lputl

76 3375 282 3448 Philostlutunt
306 3390 421 3446 Heroie.
448 3406 507 3461 cap.
530 3390 565 3442 X.
589 3406 616 3460 p.
644 3366 708 3444 lla.
728 3405 823 3444 vocent
840 3386 924 3460 λύραν
942 3391 1081 3444 immerito

77 3473 118 3527 ab
139 3474 252 3528 Oleario
271 3474 391 3528 deletam
412 3489 482 3538 esse,
501 3481 664 3526 monuemnt
681 3473 775 3526 Niclas
794 3473 829 3525 ad
847 3474 1013 3542 Antigonum
1032 3477 1082 3526 Cs-

76 3549 204 3626 rystiurn
228 3573 256 3626 p.
278 3555 322 3610 lo.
348 3557 413 3610 edit.
435 3554 602 3609 Beckmanu.
621 3563 650 3609 et
669 3554 847 3626 Boettigcrua
866 3557 895 3608 iu
913 3558 1004 3611 Attico
1022 3558 1082 3609 Mu-

77 3656 133 3696 seo
152 3641 186 3693 T.
206 3641 226 3692 1.
244 3639 324 3692 Fene.
343 3640 376 3691 ll.
393 3656 420 3707 p.
438 3638 504 3691 333.

157 3735 198 3795 ¹⁷)
217 3735 308 3804 Antig.
329 3735 437 3801 Caryst.
455 3748 479 3784 c.
506 3732 531 3786 5.
545 3732 650 3800 Hygin.
667 3731 745 3786 Poet.
764 3734 871 3790 Astron.
891 3749 917 3804 p.
936 3730 1000 3786 373.
1017 3731 1084 3785 edit.

18 3764 25 3779 ³
81 3815 234 3868 Muncker.
252 3814 380 3868 Eustath.
399 3816 434 3868 etl
452 3815 487 3867 Ι).
511 3813 542 3868 P.
560 3811 624 3867 537.

23 3913 27 3918 “
157 3910 198 3972 ¹⁸)
218 3909 304 3976 llpud.
322 3908 413 3978 Antig.
433 3923 456 3961 o.
474 3907 501 3962 5.

159 3999 201 4062 ι9)
221 3999 335 4056 Philost.
354 4002 402 4055 rit.
420 3999 544 4069 Apollon.
558 3992 651 4070 Tyan.
671 3999 718 4064 lv,
745 3999 786 4055 14.
802 4015 829 4068 p.
849 3997 911 4051 151.
930 3998 1040 4054 lleroio.
1061 4015 1084 4051 o.
1143 4057 1152 4074 Ι

85 4079 122 4134 V.
141 4098 168 4151 p.
185 4079 244 4136 70³
265 4100 305 4154 sq.
322 4083 388 4136 edit.
407 4083 497 4138 Olear.
589 4091 596 4102 “
