2746 4670
317 447 325 468 ι
421 361 427 366 ·
477 301 681 404 --·----’
943 341 963 460 J
1010 355 1091 428 rca-

98 537 326 636 ν’ῑΜιιιιιιιιι
321 551 516 625 argenteon,
523 535 618 602 euna
636 537 784 604 ιιιιιιιιι
768 542 894 628 parte
891 539 1084 612 conductor
1170 591 1176 600 -

81 652 174 725 caput
178 627 353 701 muliebre
382 643 500 703 coro'na
517 631 703 700 hederacea
726 641 877 718 cinctum,
896 649 1037 708 aversa
1027 668 1078 710 ιιι-
1091 673 1093 682 ’

81 753 203 824 tegra
187 737 331 804 1ιιιι1ιιιιιι
341 733 453 826 lyram
477 755 573 796 mann
600 736 737 828 terrentis
750 735 861 821 figora
877 736 950 810 culn
964 742 1078 808 inscri-

67 837 188 945 ptione
206 831 367 894 ΣΑΠΦΩ
388 833 571 908 Ausara,
587 833 770 904 iamdudum
782 839 994 920 suspicionem
1010 831 1078 905 mo·

81 932 129 992 vit
155 930 232 1014 viris
259 928 369 1015 doctis.
422 926 513 1024 Idem
540 927 636 1016 oalet
651 927 690 1012 de
713 953 841 1026 nqmmo
869 956 972 1029 aqnep
996 939 1079 1023 apud

83 1001 243 1090 Sestinum
280 1005 376 1104 (leit.
387 1013 532 1092 numism.
567 1024 608 1089 Τ.
633 1001 724 1090 VIII.
751 1052 783 1114 p.
810 1028 875 1116 71.)
921 1031 1083 1118 Monstrat

80 1124 136 1188 ille
170 1125 304 1202 adversa
331 1117 421 1208 p'arte
449 1121 613 1231 mulierem
644 1124 824 1208 sedentem,
854 1151 933 1218 quae
967 1111 1081 1196 dextra

81 1242 179 1284 manu
196 1205 350 1304 plectrum
366 1233 462 1297 tenet,
484 1217 611 1287 sinistra
608 1211 757 1329 lyram
745 1225 837 1290 rui'rta
853 1226 991 1312 positam
1012 1243 1081 1294 tan·

84 1321 141 1406 git,
162 1339 234 1383 cum
254 1321 460 1405 inscriptione
487 1319 695 1380 aaroni!
951 1339 954 1348 ¹

165 1413 343 1480 Virdoctus
352 1415 460 1480 Aliter
472 1417 512 1480 de
518 1412 765 1482 Hortatorem
763 1414 991 1486 dissertauone
1001 1422 1082 1506 (Na
1104 1493 1106 1498 ,

89 1519 161 1577 tiata
174 1519 326 1577 interca
324 1537 345 1592 ιι
358 1511 462 1610 Saffo
478 1513 518 1576 de
537 1510 668 1597 duero)
673 1511 813 1602 P'a'iisiis
822 1513 1083 1593 MDCCCXXII

89 1612 181 1690 edita,
209 1627 317 1698 quam
322 1595 502 1694 mihiipsi
516 1609 690 1696 Inspicere
703 1621 767 1678 non
796 1610 912 1694 licuit,
920 1615 1085 1724 descripsit

84 1729 245 1772 nummum
257 1705 436 1784 Lesbium,
450 1708 503 1792 qui
520 1703 661 1770 adversa
669 1706 761 1794 parte
779 1707 978 1798 habetcapu't
990 1709 1086 1811 Com·
1168 1789 1169 1795 ι

85 1807 175 1868 modi
199 1827 271 1870 cum
291 1807 502 1889 inscriptione
498 1804 589 1866 Ar.
602 1805 692 1866 ΚΑΙ.
711 1803 974 1888 ΚΘΜΜΟΛΟΣ,
995 1833 1086 1874 aver·

74 1921 125 2000 ,ιιι
147 1917 240 1988 caput
268 1902 420 1967 muliebre
449 1901 570 1986 capillis
596 1906 746 1968 contortIs
768 1907 863 1991 Inque
884 1906 1007 1980 nodum
1022 1907 1087 1973 col·

84 2001 179 2065 lectis
200 2023 271 2066 cum
289 2001 395 2065 verbis
411 2001 575 2062 ΣΑΠΦΟ
586 1999 736 2085 ΕΡΕΣΙ.
778 1999 969 2067 Welckerus
988 2002 1037 2066 ll.
1055 2027 1087 2088 p.

89 2099 139 2162 11.
157 2098 303 2166 nummos
327 2098 478 2186 quosdam
497 2087 720 2162 commemorat
738 2095 809 2183 cnm
828 2099 905 2184 lyris
918 2099 1089 2186 capitibus-

86 2219 149 2284 que
172 2196 404 2274 muliebribus,
410 2217 490 2283 quae
512 2190 704 2280 Sepphoris
709 2195 780 2260 e'sse
785 2193 979 2262 arbitratur.

75 2351 76 2354 ,
169 2295 410 2380 'Proponendum
449 2292 542 2356 nobis
575 2289 645 2355 ,ιιι
667 2294 720 2356 ad'
739 2289 935 2381 'sapphonis'
963 2293 1089 2385 poeria.

87 2389 279 2480 Quanquam
300 2397 388 2459 aetas
406 2391 454 2454 illi
469 2391 577 2476 paullo
598 2393 701 2475 magis
719 2395 887 2476 propitiam
905 2417 976 2458 sese
988 2415 1091 2480 praa-

86 2494 188 2568 stitit,
216 2513 308 2578 quam
332 2489 471 2565 Alcaeo,
494 2489 569 2552 'cum
585 2501 699 2572 poetae
721 2486 816 2554 huius
836 2513 931 2581 operq
947 2493 1093 2556 uorsibus

5 2621 9 2634 ν
86 2590 288 2672 paucissimis
309 2589 452 2680 exceptis
472 2589 597 2671 penitus
619 2585 780 2664 deleverit,
803 2609 847 2650 ex
864 2589 949 2654 illius
969 2589 1093 2674 scriptis

87 2707 168 2748 vero
190 2698 314 2770 praeter
338 2707 436 2748 unum
456 2687 616 2768 integrum
636 2685 1094 2771 carmenvmagnamque'alius

91 2795 213 2865 partem
241 2784 319 2846 satis
336 2781 744 2864 amplamfragmentorum
764 2785 889 2865 copiam
907 2781 1000 2844 nobis
1019 2779 1094 2858 reli·

92 2881 211 2966 querit,
241 2893 346 2943 tamen
362 2879 517 2962 ¹poetriae
552 2874 692 2938 Lesbiae
725 2881 888 2961 ingenium
923 2890 955 2940 et
980 2879 1095 2941 merita

88 2970 195 3060 magis
218 2997 262 3039 ex
289 2978 426 3054 iudiciis,
456 2995 555 3062 quae.
568 2985 693 3036 veteres
712 2975 751 3037 de
774 2999 813 3038 ea
834 2975 981 3051 tulerunt,
1001 2995 1095 3060 quam

89 3094 136 3136 ex
157 3075 330 3138 carminum
352 3078 454 3161 ipsius
466 3071 616 3156 reliqniis
637 3073 868 3158 utpendamus
887 3095 1018 3136 necesse
1037 3084 1095 3134 est.

88 3165 299 3284 Quapropter
323 3193 374 3235 me
396 3170 480 3235 haud
499 3169 556 3233 abs
575 3190 610 3232 re
630 3168 785 3258 factqrum
805 3169 948 3247 arbitror,
971 3173 999 3233 si
1017 3170 1097 3232 alio·

85 3288 164 3333 rum
189 3269 254 3364 qui
273 3266 457 3354 Sapphonis
479 3270 576 3330 vitam
597 3280 782 3332 enarrarunt
801 3266 985 3352 exemplum
1007 3285 1098 3331 secu·

64 3378 144 3435 tus
164 3367 364 3456 antiquorum
387 3369 577 3450 scriptorum
597 3365 636 3428 de
657 3376 729 3427 vate
748 3353 868 3428 Lesbia
888 3365 972 3427 dicta
993 3387 1030 3428 ac
1051 3377 1098 3427 te·
1144 3403 1147 3406 -

89 3463 246 3524 stimonia
276 3461 387 3524 ordIne
421 3483 621 3540 recenseam,
658 3474 693 3524 ut
732 3484 898 3548 quemnam
931 3461 987 3524 illa
1015 3443 1101 3525 inter

90 3557 254 3622 Graeciae
283 3571 396 3643 poetas
420 3557 525 3622 locum
549 3559 719 3636 obtinuerit
742 3559 878 3646 intelligi
906 3571 1010 3647 queat.
1046 3557 1099 3621 Iu·

90 3657 216 3719 dicium
251 3655 314 3718 de
328 3654 504 3742 Sapphone
538 3659 806 3771 antiquissimum,
842 3670 993 3754 quantum
1022 3659 1099 3734 scio,
1132 3671 1136 3683 ’

51 3757 56 3760 ’
90 3753 242 3817 Platonis
260 3764 318 3829 est,
340 3757 427 3816 cuius
448 3755 509 3819 hoc
530 3753 647 3840 legitur
667 3757 878 3888 epigramma:

180 3899 286 3966 Εννὲιιι
304 3901 359 3976 τὰς
379 3900 528 3978 Μούσας
542 3907 632 3982 φασίν
652 3927 745 3979 τινες
763 3929 841 3978 orco
825 3881 997 4006 ὀ1ιγιι1ριις·

250 3996 329 4081 alvide
348 4000 399 4066 uel
420 4001 551 4090 Σαπφὼ
571 3999 770 4087 Λισβόθιι·“
751 4025 788 4084 η
785 3999 952 4161 deuolth
971 4053 974 4060 .
1008 4053 1011 4062 .
