2772 4684
498 341 699 391 .„....·....
1049 325 1099 406 3³

83 521 183 608 qood
195 535 254 582 eoo
279 533 352 580 ooo
363 525 554 605 moremque
585 527 688 592 regam
713 505 839 574 Macar
865 469 1096 598 occupaverat.

83 619 212 685 Neutra
239 611 376 677 nominis
402 605 585 693 explicandi
607 607 690 671 ratio
715 607 791 670 ferri
815 621 930 692 potest.
972 609 1098 676 Caussa

84 711 309 800 pollutionis
335 707 423 772 illins
449 705 558 788 louge
574 701 656 766 alia
665 703 740 782 tau,
767 727 829 792 qua
841 721 976 821 ‚reperta
1000 709 1096 774 etiam

10 813 16 838 ¹
85 815 121 877 fa
127 739 267 876 Iblarum
285 806 324 870 de
343 803 475 870 Macare
496 799 596 866 Lesbi
618 787 781 866 conditore
791 806 895 900 origo
922 806 1096 890 apparebit.

88 908 244 997 Equidem
266 925 334 968 non
360 895 513 990 dubito,
512 901 588 986 quin
615 895 747 981 Lesbos
765 913 951 988 ceteraeque
971 903 1096 970 insulae
1163 917 1195 974 “,

92 1001 263 1096 dequibus
282 1000 401 1064 (lictum
423 1011 472 1062 est
489 996 533 1091 ab
552 974 667 1087 liicoli's
687 993 857 1080 Μακαρωι
867 1001 995 1067 nomme
1015 1023 1097 1068 nun·

88 1105 209 1188 oupatis
242 1096 369 1162 titulum
399 1095 489 1161 illum
523 1076 719 1160 abstirlerim.
773 1095 939 1160 Audacius
961 1099 1097 1174 fortasse

85 1201 153 1266 hoc
174 1177 401 1284 pronuntiasse
434 1183 588 1287 videbor,
619 1213 690 1256 cum
728 1194 768 1257 de
801 1190 968 1278 Μακάριοι
1000 1207 1097 1280 gente

86 1296 175 1384 apud
194 1291 312 1356 nullum
332 1299 474 1354 veterem
495 1277 681 1374 scriptorem
701 1291 820 1357 mentio
837 1289 905 1354 liat.
943 1285 1097 1357 Attamen
1159 1348 1162 1359 ,

82 1385 280 1458 'sententiam
315 1409 335 1452 a
372 1408 443 1450 me
453 1389 650 1472 propositam
678 1386 805 1451 delendi
832 1406 929 1474 posse
957 1387 1097 1454 coofffido

89 1487 213 1555 Insulas
247 1485 348 1550 Asiae
378 1483 564 1569 regionibus
598 1485 780 1548 adiacentes
808 1505 828 1548 a
858 1483 993 1551 Caribus
1014 1480 1098 1551 'olim

88 1595 260 1672 occupatas
280 1603 353 1646 esse
371 1594 504 1648 testatur
525 1579 755 1658 Herodotusl‚
778 1580 848 1650 171.
880 1581 954 1643 Εἰσὶ
975 1579 1009 1644 tt
1025 1579 1098 1645 τοὺ·
1110 1600 1117 1614 “

85 1706 149 1764 των
176 1685 280 1764 Κᾶρις
308 1675 360 1762 μὲν
387 1676 541 1760 ἀπιγμένοι
570 1679 599 1751 ἐς
623 1677 678 1759 τὴν
701 1676 824 1762 ἤπειροι
850 1677 885 1738 ἐκ
902 1683 964 1742 coir
984 1678 1098 1762 ιὴοωι·

87 1780 125 1846 τὸ
153 1777 212 1864 γὰρ
239 1769 427 1840 πολᾶιὸι”
395 1797 490 1850 torres
518 1778 612 1838 Μὶιοι
640 1798 671 1838 τι
693 1773 838 1858 κατήκοοι
854 1800 907 1840 και
899 1769 1098 1861 καλεόμενοι

89 1875 219 1952 Asi-em
239 1871 316 1958 ιῖχοι
336 1871 391 1946 τὰς
411 1869 527 1954 νήσους.
551 1902 556 1912 ·
577 1874 708 1937 Samum
727 1886 760 1937 et
779 1871 895 1938 Chium
919 1898 938 1940 a
961 1875 1097 1941 Caribus

90 1976 229 2062 antiquis
256 1969 450 2057 temporibus
472 1969 665 2036 inhabitatas
702 1992 774 2034 esse
805 1971 921 2036 diserte
957 1965 1099 2040 indicant

90 2071 206 2136 Strabo
224 2062 318 2148 XIV,
339 2093 372 2155 p.
395 2067 468 2139 637.
493 2085 525 2134 et
546 2069 723 2133 Pausanias
741 2068 822 2148 “Vll,
840 2067 885 2134 ti.v
903 2071 1047 2136 Lesbum
1067 2084 1100 2137 et

92 2169 164 2233 Con
183 2169 315 2234 eosdem
335 2168 491 2256 quondam
513 2165 662 2230 babuisse
681 2166 817 2230 cultores
838 2167 974 2252 intelligi
994 2183 1100 2255 potest
1185 2153 1190 2163 „

96 2287 142 2329 ex
159 2263 269 2330 Sahal.
293 2265 333 2328 al
356 2265 487 2329 Homer.
515 2261 1100 2342 ll.111,236.edicvfflois.etex

94 2360 257 2458 Stephano
276 2359 443 2444 Byzantio.
454 2359 505 2445 ²⁷)
546 2360 671 2424 Horum
696 2363 883 2446 scriptorum
902 2355 1102 2426 narrationes

91 2481 163 2523 cum
187 2435 303 2523 fabulis
330 2481 425 2545 supra
453 2461 607 2545 expositis
630 2480 815 2544 comparans
835 2480 874 2522 oo
897 2458 1048 2536 adducor,
1067 2459 1102 2522 u't

91 2552 258 2647 Μακάρων
285 2556 435 2642 populum
461 2556 613 2636 Lesbum,
648 2556 774 2634 Chium,
801 2555 942 2636 Samum,
970 2554 1042 2622 Con
1069 2567 1101 2621 et

91 2653 241 2717 Rhodum
270 2653 347 2718 olim
373 2658 513 2719 tenuisse
535 2657 670 2720 credam.
713 2653 768 2718 Sic
789 2657 874 2718 enim
896 2667 1012 2733 statuo,
1034 2677 1102 2720 cer·

92 2764 142 2814 tos
161 2749 337 2816 insularum
361 2751 487 2816 illarum
513 2754 661 2831 cultores,
684 2750 819 2816 Caribus
841 2766 1006 2838 cognatos,
1031 2749 1103 2816 Ma-

95 2870 203 2911 οιιιιιιι
221 2852 349 2912 nornine
367 2852 541 2937 insignitos
557 2873 638 2914 esse.
680 2847 784 2912 Unius
807 2852 1009 2938 eiusdemque
1031 2853 1105 2914 stir-

94 2947 147 3031 pis
167 2943 246 3007 mibi
263 2945 363 3010 luisse
388 2948 533 3011 videntur
562 2947 662 3011 Cares
685 2958 717 3009 et
736 2941 883 3010 Macares
901 2948 1105 3032 quemadmo-

93 3045 170 3106 dum
192 3043 302 3122 Alani,
317 3041 511 3108 Rhoxolani
528 3043 736 3129 (Rhoxolani)
758 3057 789 3106 et
803 3040 992 3107 Rhacolono'
1010 3043 1104 3124 (Plio.

88 3139 179 3203 llist.
200 3137 275 3204 Nat.
292 3139 352 3218 IV,
381 3142 432 3204 25.
453 3141 586 3206 Ptolem.
607 3141 789 3228 Geograph.
809 3139 866 3220 Ill,
888 3140 917 3204 5.
941 3141 982 3210 cfq
999 3136 1104 3204 Tacit.

29 3223 34 3234 ¹
91 3237 179 3300 Hist.
200 3233 228 3316 l,
243 3237 308 3320 79.)
336 3236 483 3303 Macares
508 3245 605 3326 igitur
625 3240 672 3304 illi
690 3241 849 3303 sententia
868 3261 944 3302 mea
962 3241 1105 3304 occasio·

91 3355 170 3398 nem
199 3333 433 3420 praebuerunt,
461 3351 496 3401 ut
521 3337 645 3402 insulae
667 3358 744 3424 quas
766 3339 1010 3400 commemoravi
1027 3339 1107 3398 Mo-

90 3428 196 3514 κάρων
217 3436 314 3513 νῆσοι
329 3434 571 3520 appellarentur.
613 3435 746 3500 Postero
774 3448 916 3519 tempore
939 3445 1008 3498 orta
1029 3432 1107 3496 mihi

92 3529 220 3594 videtur
242 3533 363 3616 opinio,
382 3531 559 3597 Beotorum
588 3533 681 3596 sedes
709 3534 808 3596 dictas
831 3553 902 3596 esse
922 3528 1043 3596 insulas
1066 3528 1108 3594 ob

91 3625 157 3690 soli
175 3624 404 3698 fecunditatem
427 3633 571 3716 atrisque
593 3629 751 3696 salubrem
771 3634 967 3717 temperiem.
1008 3628 1108 3694 Iidem

87 3721 244 3788 Macares
263 3717 408 3790 effecisse
426 3729 559 3812 putandi
577 3742 660 3806 sunt,
682 3745 716 3793 ut
735 3728 1034 3796 LesbusMocaro'a
1055 3747 1110 3810 ap-

86 3817 283 3908 pellaretur,
319 3844 380 3910 quo
414 3829 543 3890 nomine
569 3825 717 3892 Rhodum
744 3849 868 3915 quoque
899 3837 1110 3910 nuncupatam

164 4067 179 4097 ⁹
185 4068 211 4128 ⁷)
231 4065 261 4118 S.
280 4081 325 4120 ιι.
342 4065 439 4138 Καρία
458 4074 488 4120 et
508 4069 581 4129 Κῶς.
885 4142 912 4207 C
