<?xml version="1.0" encoding="UTF-8"?>
<!DOCTYPE html PUBLIC "-//W3C//DTD XHTML 1.0 Transitional//EN"
    "http://www.w3.org/TR/xhtml1/DTD/xhtml1-transitional.dtd">
<html xmlns="http://www.w3.org/1999/xhtml" xml:lang="en" lang="en">
 <head>
  <title>
</title>
<meta http-equiv="Content-Type" content="text/html;charset=utf-8" />
  <meta name='ocr-system' content='tesseract 3.04.00' />
  <meta name='ocr-capabilities' content='ocr_page ocr_carea ocr_par ocr_line ocrx_word'/>
</head>
<body>
  <div class='ocr_page' id='page_1' title='image "./lesbiacorumlibe01plehgoog_0199.png"; bbox 0 0 2746 4670; ppageno 0'>
   <div class='ocr_carea' id='block_1_1' title="bbox 355 331 1093 450">
    <p class='ocr_par' dir='ltr' id='par_1_1' title="bbox 355 331 1093 450">
     <span class='ocr_line' id='line_1_1' title="bbox 355 331 1093 450; baseline -0.001 -38"><span class='ocrx_word' id='word_1_1' title='bbox 355 331 384 368; x_wconf 57' lang='lat'>⁴*</span> <span class='ocrx_word' id='word_1_2' title='bbox 494 353 695 392; x_wconf 72' lang='lat'><em>---=-</em></span> <span class='ocrx_word' id='word_1_3' title='bbox 815 331 824 347; x_wconf 77' lang='lat'><strong><em>¹</em></strong></span> <span class='ocrx_word' id='word_1_4' title='bbox 1024 340 1093 450; x_wconf 80' lang='grc' dir='ltr'>ιιι</span> 
     </span>
    </p>
   </div>
   <div class='ocr_carea' id='block_1_2' title="bbox 13 511 1180 1208">
    <p class='ocr_par' dir='ltr' id='par_1_2' title="bbox 13 511 1180 1202">
     <span class='ocr_line' id='line_1_2' title="bbox 171 511 1097 610; baseline 0.002 -16"><span class='ocrx_word' id='word_1_5' title='bbox 171 528 293 596; x_wconf 87' lang='lat' dir='ltr'>Veram</span> <span class='ocrx_word' id='word_1_6' title='bbox 320 547 392 598; x_wconf 80' lang='lat' dir='ltr'>esee</span> <span class='ocrx_word' id='word_1_7' title='bbox 418 511 501 590; x_wconf 76' lang='lat' dir='ltr'>hanc</span> <span class='ocrx_word' id='word_1_8' title='bbox 536 525 576 589; x_wconf 89' lang='lat' dir='ltr'>de</span> <span class='ocrx_word' id='word_1_9' title='bbox 610 524 693 590; x_wconf 85' lang='lat' dir='ltr'>saltu</span> <span class='ocrx_word' id='word_1_10' title='bbox 729 523 910 610; x_wconf 87' lang='lat' dir='ltr'>Sapphonis</span> <span class='ocrx_word' id='word_1_11' title='bbox 941 535 1097 596; x_wconf 83' lang='lat' dir='ltr'>narratio·</span> 
     </span>
     <span class='ocr_line' id='line_1_3' title="bbox 81 620 1180 715; baseline -0.005 -24"><span class='ocrx_word' id='word_1_12' title='bbox 81 647 268 704; x_wconf 45' lang='lat' dir='ltr'>nemonec</span> <span class='ocrx_word' id='word_1_13' title='bbox 290 627 384 690; x_wconf 88' lang='lat' dir='ltr'>certis</span> <span class='ocrx_word' id='word_1_14' title='bbox 408 625 603 708; x_wconf 78' lang='lat' dir='ltr'>argumentis</span> <span class='ocrx_word' id='word_1_15' title='bbox 629 622 851 706; x_wconf 78' lang='lat' dir='ltr'>comprobare,</span> <span class='ocrx_word' id='word_1_16' title='bbox 871 647 976 715; x_wconf 79' lang='lat' dir='ltr'>neque</span> <span class='ocrx_word' id='word_1_17' title='bbox 996 620 1116 702; x_wconf 74' lang='lat' dir='ltr'>omni-³</span> <span class='ocrx_word' id='word_1_18' title='bbox 1176 669 1180 686; x_wconf 84' lang='lat'>.</span> 
     </span>
     <span class='ocr_line' id='line_1_4' title="bbox 14 719 1170 812; baseline 0.001 -24"><span class='ocrx_word' id='word_1_19' title='bbox 14 767 16 770; x_wconf 94' lang='lat'>-</span> <span class='ocrx_word' id='word_1_20' title='bbox 82 745 129 788; x_wconf 91' lang='lat' dir='ltr'>no</span> <span class='ocrx_word' id='word_1_21' title='bbox 158 745 278 810; x_wconf 84' lang='lat' dir='ltr'>negare</span> <span class='ocrx_word' id='word_1_22' title='bbox 302 741 481 806; x_wconf 83' lang='lat' dir='ltr'>possumus.</span> <span class='ocrx_word' id='word_1_23' title='bbox 533 719 570 783; x_wconf 95' lang='lat' dir='ltr'>ld</span> <span class='ocrx_word' id='word_1_24' title='bbox 595 733 700 802; x_wconf 83' lang='lat' dir='ltr'>autem</span> <span class='ocrx_word' id='word_1_25' title='bbox 728 723 899 787; x_wconf 83' lang='lat' dir='ltr'>tenendrnn</span> <span class='ocrx_word' id='word_1_26' title='bbox 927 742 989 806; x_wconf 87' lang='lat' dir='ltr'>est,</span> <span class='ocrx_word' id='word_1_27' title='bbox 1018 727 1129 812; x_wconf 77' lang='lat' dir='ltr'>Sap-¹</span> <span class='ocrx_word' id='word_1_28' title='bbox 1168 755 1170 763; x_wconf 93' lang='lat'>·</span> 
     </span>
     <span class='ocr_line' id='line_1_5' title="bbox 13 817 1099 904; baseline 0.005 -20"><span class='ocrx_word' id='word_1_29' title='bbox 13 835 19 856; x_wconf 68' lang='lat'>³</span> <span class='ocrx_word' id='word_1_30' title='bbox 84 821 243 904; x_wconf 86' lang='lat' dir='ltr'>phonem‚</span> <span class='ocrx_word' id='word_1_31' title='bbox 270 823 299 886; x_wconf 92' lang='lat' dir='ltr'>si</span> <span class='ocrx_word' id='word_1_32' title='bbox 323 842 436 884; x_wconf 87' lang='lat' dir='ltr'>revera</span> <span class='ocrx_word' id='word_1_33' title='bbox 460 831 589 902; x_wconf 88' lang='lat' dir='ltr'>propter</span> <span class='ocrx_word' id='word_1_34' title='bbox 613 817 754 884; x_wconf 90' lang='lat' dir='ltr'>Phaonis</span> <span class='ocrx_word' id='word_1_35' title='bbox 787 844 928 888; x_wconf 86' lang='lat' dir='ltr'>amorem</span> <span class='ocrx_word' id='word_1_36' title='bbox 961 847 979 888; x_wconf 89' lang='lat' dir='ltr'>e</span> <span class='ocrx_word' id='word_1_37' title='bbox 1011 826 1099 889; x_wconf 88' lang='lat' dir='ltr'>Len·</span> 
     </span>
     <span class='ocr_line' id='line_1_6' title="bbox 13 914 1099 994; baseline 0.006 -13"><span class='ocrx_word' id='word_1_38' title='bbox 13 971 17 984; x_wconf 80' lang='grc'>,</span> <span class='ocrx_word' id='word_1_39' title='bbox 85 932 157 983; x_wconf 87' lang='lat' dir='ltr'>cate</span> <span class='ocrx_word' id='word_1_40' title='bbox 183 919 218 980; x_wconf 92' lang='lat' dir='ltr'>in</span> <span class='ocrx_word' id='word_1_41' title='bbox 231 915 331 982; x_wconf 73' lang='lat' dir='ltr'>&#39;mare</span> <span class='ocrx_word' id='word_1_42' title='bbox 357 941 392 981; x_wconf 88' lang='lat' dir='ltr'>se</span> <span class='ocrx_word' id='word_1_43' title='bbox 412 918 536 994; x_wconf 88' lang='lat' dir='ltr'>deiecit,</span> <span class='ocrx_word' id='word_1_44' title='bbox 563 914 646 979; x_wconf 87' lang='lat' dir='ltr'>saltu</span> <span class='ocrx_word' id='word_1_45' title='bbox 664 938 703 980; x_wconf 90' lang='lat' dir='ltr'>eo</span> <span class='ocrx_word' id='word_1_46' title='bbox 722 921 858 992; x_wconf 84' lang='lat' dir='ltr'>animam</span> <span class='ocrx_word' id='word_1_47' title='bbox 877 943 942 986; x_wconf 92' lang='lat' dir='ltr'>non</span> <span class='ocrx_word' id='word_1_48' title='bbox 963 921 1099 986; x_wconf 80' lang='lat' dir='ltr'>efflasse.</span> 
     </span>
     <span class='ocr_line' id='line_1_7' title="bbox 20 1013 1101 1102; baseline 0.006 -24"><span class='ocrx_word' id='word_1_49' title='bbox 20 1021 46 1084; x_wconf 75' lang='grc'>’,</span> <span class='ocrx_word' id='word_1_50' title='bbox 85 1013 268 1102; x_wconf 78' lang='lat' dir='ltr'>Sexaginta</span> <span class='ocrx_word' id='word_1_51' title='bbox 289 1020 388 1094; x_wconf 88' lang='lat' dir='ltr'>enim,</span> <span class='ocrx_word' id='word_1_52' title='bbox 418 1030 453 1079; x_wconf 93' lang='lat' dir='ltr'>ut</span> <span class='ocrx_word' id='word_1_53' title='bbox 473 1029 568 1079; x_wconf 87' lang='lat' dir='ltr'>antea</span> <span class='ocrx_word' id='word_1_54' title='bbox 589 1015 742 1093; x_wconf 79' lang='lat' dir='ltr'>vidimus,</span> <span class='ocrx_word' id='word_1_55' title='bbox 773 1021 864 1081; x_wconf 91' lang='lat' dir='ltr'>annis</span> <span class='ocrx_word' id='word_1_56' title='bbox 885 1021 987 1085; x_wconf 74' lang='lat' dir='ltr'>maior·</span> <span class='ocrx_word' id='word_1_57' title='bbox 1014 1025 1101 1084; x_wconf 87' lang='lat' dir='ltr'>evi·</span> 
     </span>
     <span class='ocr_line' id='line_1_8' title="bbox 27 1111 1170 1208; baseline 0.005 -32"><span class='ocrx_word' id='word_1_58' title='bbox 27 1183 31 1194; x_wconf 26' lang='lat'>⁸</span> <span class='ocrx_word' id='word_1_59' title='bbox 86 1113 137 1176; x_wconf 86' lang='lat' dir='ltr'>vis</span> <span class='ocrx_word' id='word_1_60' title='bbox 163 1112 291 1176; x_wconf 83' lang='lat' dir='ltr'>excedit</span> <span class='ocrx_word' id='word_1_61' title='bbox 309 1117 443 1198; x_wconf 83' lang='lat' dir='ltr'>poetria,</span> <span class='ocrx_word' id='word_1_62' title='bbox 474 1135 566 1208; x_wconf 88' lang='lat' dir='ltr'>quam</span> <span class='ocrx_word' id='word_1_63' title='bbox 600 1133 639 1175; x_wconf 89' lang='lat' dir='ltr'>ea</span> <span class='ocrx_word' id='word_1_64' title='bbox 659 1127 762 1176; x_wconf 84' lang='lat' dir='ltr'>aetate</span> <span class='ocrx_word' id='word_1_65' title='bbox 790 1115 951 1180; x_wconf 87' lang='lat' dir='ltr'>furoribus</span> <span class='ocrx_word' id='word_1_66' title='bbox 981 1132 1103 1182; x_wconf 87' lang='lat' dir='ltr'>amato-</span> <span class='ocrx_word' id='word_1_67' title='bbox 1167 1111 1170 1125; x_wconf 75' lang='grc'><strong><em>’</em></strong></span> 
     </span>
    </p>
   </div>
   <div class='ocr_carea' id='block_1_3' title="bbox 50 1203 1270 1306">
    <p class='ocr_par' dir='ltr' id='par_1_3' title="bbox 50 1203 1270 1306">
     <span class='ocr_line' id='line_1_9' title="bbox 50 1203 1270 1306; baseline 0.009 -32"><span class='ocrx_word' id='word_1_68' title='bbox 50 1249 54 1254; x_wconf 93' lang='grc'>-</span> <span class='ocrx_word' id='word_1_69' title='bbox 84 1212 145 1274; x_wconf 86' lang='lat' dir='ltr'>riis</span> <span class='ocrx_word' id='word_1_70' title='bbox 170 1209 210 1272; x_wconf 88' lang='lat' dir='ltr'>ad</span> <span class='ocrx_word' id='word_1_71' title='bbox 238 1209 391 1276; x_wconf 87' lang='lat' dir='ltr'>Leucada</span> <span class='ocrx_word' id='word_1_72' title='bbox 419 1203 590 1295; x_wconf 87' lang='lat' dir='ltr'>petendam</span> <span class='ocrx_word' id='word_1_73' title='bbox 618 1209 785 1306; x_wconf 85' lang='lat' dir='ltr'>impulsam</span> <span class='ocrx_word' id='word_1_74' title='bbox 815 1235 885 1276; x_wconf 89' lang='lat' dir='ltr'>esse</span> <span class='ocrx_word' id='word_1_75' title='bbox 913 1213 1102 1279; x_wconf 83' lang='lat' dir='ltr'>incredibile</span> <span class='ocrx_word' id='word_1_76' title='bbox 1155 1277 1156 1280; x_wconf 74' lang='grc'>,</span> <span class='ocrx_word' id='word_1_77' title='bbox 1265 1274 1270 1285; x_wconf 95' lang='grc'>,</span> 
     </span>
    </p>
   </div>
   <div class='ocr_carea' id='block_1_4' title="bbox 86 1305 1149 2762">
    <p class='ocr_par' dir='ltr' id='par_1_4' title="bbox 86 1305 1149 2762">
     <span class='ocr_line' id='line_1_10' title="bbox 87 1305 1102 1396; baseline 0.004 -24"><span class='ocrx_word' id='word_1_78' title='bbox 87 1322 148 1372; x_wconf 85' lang='lat' dir='ltr'>est.</span> <span class='ocrx_word' id='word_1_79' title='bbox 200 1305 313 1395; x_wconf 88' lang='lat' dir='ltr'>Neque</span> <span class='ocrx_word' id='word_1_80' title='bbox 339 1309 404 1387; x_wconf 91' lang='lat' dir='ltr'>illi,</span> <span class='ocrx_word' id='word_1_81' title='bbox 439 1312 492 1396; x_wconf 91' lang='lat' dir='ltr'>qui</span> <span class='ocrx_word' id='word_1_82' title='bbox 521 1330 564 1372; x_wconf 88' lang='lat' dir='ltr'>ex</span> <span class='ocrx_word' id='word_1_83' title='bbox 585 1312 804 1394; x_wconf 90' lang='lat' dir='ltr'>promontorio</span> <span class='ocrx_word' id='word_1_84' title='bbox 836 1333 875 1376; x_wconf 88' lang='lat' dir='ltr'>eo</span> <span class='ocrx_word' id='word_1_85' title='bbox 900 1313 936 1374; x_wconf 90' lang='lat' dir='ltr'>in</span> <span class='ocrx_word' id='word_1_86' title='bbox 956 1333 1044 1375; x_wconf 90' lang='lat' dir='ltr'>mare</span> <span class='ocrx_word' id='word_1_87' title='bbox 1066 1335 1102 1376; x_wconf 89' lang='lat' dir='ltr'>se</span> 
     </span>
     <span class='ocr_line' id='line_1_11' title="bbox 87 1388 1103 1490; baseline 0.003 -20"><span class='ocrx_word' id='word_1_88' title='bbox 87 1409 278 1490; x_wconf 87' lang='lat' dir='ltr'>praecipites</span> <span class='ocrx_word' id='word_1_89' title='bbox 299 1388 426 1486; x_wconf 84' lang='lat' dir='ltr'>dabant,</span> <span class='ocrx_word' id='word_1_90' title='bbox 444 1409 478 1470; x_wconf 92' lang='lat' dir='ltr'>id</span> <span class='ocrx_word' id='word_1_91' title='bbox 496 1418 694 1488; x_wconf 84' lang='lat' dir='ltr'>spectarunt,</span> <span class='ocrx_word' id='word_1_92' title='bbox 718 1420 753 1469; x_wconf 92' lang='lat' dir='ltr'>ut</span> <span class='ocrx_word' id='word_1_93' title='bbox 777 1422 911 1473; x_wconf 91' lang='lat' dir='ltr'>mortem</span> <span class='ocrx_word' id='word_1_94' title='bbox 937 1408 1000 1473; x_wconf 88' lang='lat' dir='ltr'>sibi</span> <span class='ocrx_word' id='word_1_95' title='bbox 1027 1430 1103 1473; x_wconf 91' lang='lat' dir='ltr'>con·</span> 
     </span>
     <span class='ocr_line' id='line_1_12' title="bbox 89 1501 1104 1583; baseline -0.001 -12"><span class='ocrx_word' id='word_1_96' title='bbox 89 1507 272 1583; x_wconf 78' lang='lat' dir='ltr'>sciscerent,</span> <span class='ocrx_word' id='word_1_97' title='bbox 302 1506 359 1569; x_wconf 87' lang='lat' dir='ltr'>sed</span> <span class='ocrx_word' id='word_1_98' title='bbox 388 1520 424 1568; x_wconf 92' lang='lat' dir='ltr'>ut</span> <span class='ocrx_word' id='word_1_99' title='bbox 453 1503 546 1568; x_wconf 89' lang='lat' dir='ltr'>undis</span> <span class='ocrx_word' id='word_1_100' title='bbox 574 1501 653 1566; x_wconf 88' lang='lat' dir='ltr'>lauti</span> <span class='ocrx_word' id='word_1_101' title='bbox 682 1507 798 1571; x_wconf 90' lang='lat' dir='ltr'>amoris</span> <span class='ocrx_word' id='word_1_102' title='bbox 827 1508 967 1582; x_wconf 74' lang='lat' dir='ltr'>cruciatu</span> <span class='ocrx_word' id='word_1_103' title='bbox 987 1504 1104 1570; x_wconf 88' lang='lat' dir='ltr'>libera·</span> 
     </span>
     <span class='ocr_line' id='line_1_13' title="bbox 87 1595 1104 1689; baseline 0.002 -23"><span class='ocrx_word' id='word_1_104' title='bbox 87 1617 207 1669; x_wconf 88' lang='lat' dir='ltr'>rentur.</span> <span class='ocrx_word' id='word_1_105' title='bbox 257 1595 303 1666; x_wconf 93' lang='lat' dir='ltr'>Si</span> <span class='ocrx_word' id='word_1_106' title='bbox 321 1605 420 1689; x_wconf 83' lang='lat' dir='ltr'>igitur</span> <span class='ocrx_word' id='word_1_107' title='bbox 447 1600 596 1684; x_wconf 85' lang='lat' dir='ltr'>Sappho,</span> <span class='ocrx_word' id='word_1_108' title='bbox 624 1623 696 1664; x_wconf 92' lang='lat' dir='ltr'>cum</span> <span class='ocrx_word' id='word_1_109' title='bbox 722 1625 741 1666; x_wconf 91' lang='lat' dir='ltr'>a</span> <span class='ocrx_word' id='word_1_110' title='bbox 765 1597 896 1668; x_wconf 85' lang='lat' dir='ltr'>Phaone</span> <span class='ocrx_word' id='word_1_111' title='bbox 923 1619 974 1666; x_wconf 88' lang='lat' dir='ltr'>se</span> <span class='ocrx_word' id='word_1_112' title='bbox 991 1605 1104 1684; x_wconf 63' lang='lat' dir='ltr'>dereliss</span> 
     </span>
     <span class='ocr_line' id='line_1_14' title="bbox 89 1695 1105 1794; baseline 0.001 -29"><span class='ocrx_word' id='word_1_113' title='bbox 89 1715 174 1766; x_wconf 86' lang='lat' dir='ltr'>ctam</span> <span class='ocrx_word' id='word_1_114' title='bbox 202 1701 343 1778; x_wconf 74' lang='lat' dir='ltr'>rideret,</span> <span class='ocrx_word' id='word_1_115' title='bbox 379 1700 599 1783; x_wconf 86' lang='lat' dir='ltr'>desperatione</span> <span class='ocrx_word' id='word_1_116' title='bbox 632 1713 775 1782; x_wconf 82' lang='lat' dir='ltr'>correpta</span> <span class='ocrx_word' id='word_1_117' title='bbox 812 1704 957 1765; x_wconf 88' lang='lat' dir='ltr'>insaniae</span> <span class='ocrx_word' id='word_1_118' title='bbox 984 1695 1105 1794; x_wconf 52' lang='lat' dir='ltr'>ammoy</span> 
     </span>
     <span class='ocr_line' id='line_1_15' title="bbox 88 1791 1139 1887; baseline 0.002 -23"><span class='ocrx_word' id='word_1_119' title='bbox 88 1803 159 1864; x_wconf 88' lang='lat' dir='ltr'>riae</span> <span class='ocrx_word' id='word_1_120' title='bbox 188 1799 273 1864; x_wconf 87' lang='lat' dir='ltr'>saltu</span> <span class='ocrx_word' id='word_1_121' title='bbox 298 1797 419 1862; x_wconf 88' lang='lat' dir='ltr'>mederi</span> <span class='ocrx_word' id='word_1_122' title='bbox 442 1799 584 1874; x_wconf 84' lang='lat' dir='ltr'>tentavit,</span> <span class='ocrx_word' id='word_1_123' title='bbox 613 1798 749 1882; x_wconf 87' lang='lat' dir='ltr'>integra,</span> <span class='ocrx_word' id='word_1_124' title='bbox 778 1820 843 1864; x_wconf 90' lang='lat' dir='ltr'>non</span> <span class='ocrx_word' id='word_1_125' title='bbox 866 1791 1026 1887; x_wconf 81' lang='lat' dir='ltr'>decrepita</span> <span class='ocrx_word' id='word_1_126' title='bbox 1050 1823 1105 1866; x_wconf 83' lang='lat' dir='ltr'>ae·</span> <span class='ocrx_word' id='word_1_127' title='bbox 1135 1841 1139 1866; x_wconf 82' lang='lat' dir='ltr'>t</span> 
     </span>
     <span class='ocr_line' id='line_1_16' title="bbox 91 1897 1025 1986; baseline -0.002 -24"><span class='ocrx_word' id='word_1_128' title='bbox 91 1912 158 1986; x_wconf 88' lang='lat' dir='ltr'>tate</span> <span class='ocrx_word' id='word_1_129' title='bbox 175 1899 209 1961; x_wconf 92' lang='lat' dir='ltr'>id</span> <span class='ocrx_word' id='word_1_130' title='bbox 229 1899 345 1962; x_wconf 81' lang='lat' dir='ltr'>iecisse</span> <span class='ocrx_word' id='word_1_131' title='bbox 367 1918 470 1982; x_wconf 88' lang='lat' dir='ltr'>neque</span> <span class='ocrx_word' id='word_1_132' title='bbox 483 1898 524 1976; x_wconf 80' lang='lat' dir='ltr'>jn</span> <span class='ocrx_word' id='word_1_133' title='bbox 543 1897 623 1958; x_wconf 90' lang='lat' dir='ltr'>mari</span> <span class='ocrx_word' id='word_1_134' title='bbox 646 1898 780 1977; x_wconf 89' lang='lat' dir='ltr'>periisse</span> <span class='ocrx_word' id='word_1_135' title='bbox 803 1899 943 1980; x_wconf 89' lang='lat' dir='ltr'>putanda</span> <span class='ocrx_word' id='word_1_136' title='bbox 967 1910 1025 1960; x_wconf 89' lang='lat' dir='ltr'>est.</span> 
     </span>
     <span class='ocr_line' id='line_1_17' title="bbox 173 1989 1106 2090; baseline -0.003 -32"><span class='ocrx_word' id='word_1_137' title='bbox 173 1989 362 2058; x_wconf 86' lang='lat' dir='ltr'>Familiares</span> <span class='ocrx_word' id='word_1_138' title='bbox 391 1991 622 2090; x_wconf 74' lang='lat' dir='ltr'>discipulusque</span> <span class='ocrx_word' id='word_1_139' title='bbox 649 1996 727 2056; x_wconf 86' lang='lat' dir='ltr'>satis</span> <span class='ocrx_word' id='word_1_140' title='bbox 755 1995 869 2085; x_wconf 85' lang='lat' dir='ltr'>multas</span> <span class='ocrx_word' id='word_1_141' title='bbox 897 1996 1004 2062; x_wconf 82' lang='lat' dir='ltr'>fuisse</span> <span class='ocrx_word' id='word_1_142' title='bbox 1025 1993 1106 2076; x_wconf 87' lang='lat' dir='ltr'>Sap-</span> 
     </span>
     <span class='ocr_line' id='line_1_18' title="bbox 86 2089 1149 2179; baseline -0.003 -21"><span class='ocrx_word' id='word_1_143' title='bbox 86 2093 200 2179; x_wconf 87' lang='lat' dir='ltr'>phoni,</span> <span class='ocrx_word' id='word_1_144' title='bbox 214 2105 283 2157; x_wconf 90' lang='lat' dir='ltr'>tum</span> <span class='ocrx_word' id='word_1_145' title='bbox 305 2093 470 2174; x_wconf 87' lang='lat' dir='ltr'>exipsius</span> <span class='ocrx_word' id='word_1_146' title='bbox 489 2093 631 2176; x_wconf 87' lang='lat' dir='ltr'>poetriae</span> <span class='ocrx_word' id='word_1_147' title='bbox 662 2089 848 2176; x_wconf 83' lang='lat' dir='ltr'>fragmentis</span> <span class='ocrx_word' id='word_1_148' title='bbox 871 2090 1008 2176; x_wconf 84' lang='lat' dir='ltr'>intelligi</span> <span class='ocrx_word' id='word_1_149' title='bbox 1034 2106 1106 2175; x_wconf 92' lang='lat' dir='ltr'>pot·</span> <span class='ocrx_word' id='word_1_150' title='bbox 1145 2157 1149 2162; x_wconf 71' lang='grc'>,</span> 
     </span>
     <span class='ocr_line' id='line_1_19' title="bbox 89 2187 1106 2274; baseline 0 -20"><span class='ocrx_word' id='word_1_151' title='bbox 89 2205 149 2270; x_wconf 77' lang='lat' dir='ltr'>est,</span> <span class='ocrx_word' id='word_1_152' title='bbox 178 2204 246 2254; x_wconf 89' lang='lat' dir='ltr'>tum</span> <span class='ocrx_word' id='word_1_153' title='bbox 276 2212 319 2254; x_wconf 88' lang='lat' dir='ltr'>ex</span> <span class='ocrx_word' id='word_1_154' title='bbox 351 2189 422 2253; x_wconf 88' lang='lat' dir='ltr'>aliis</span> <span class='ocrx_word' id='word_1_155' title='bbox 450 2187 673 2271; x_wconf 85' lang='lat' dir='ltr'>scriptoribus,</span> <span class='ocrx_word' id='word_1_156' title='bbox 708 2211 841 2274; x_wconf 89' lang='lat' dir='ltr'>quorum</span> <span class='ocrx_word' id='word_1_157' title='bbox 877 2189 966 2254; x_wconf 86' lang='lat' dir='ltr'>locos</span> <span class='ocrx_word' id='word_1_158' title='bbox 992 2190 1106 2254; x_wconf 81' lang='lat' dir='ltr'>afferre</span> 
     </span>
     <span class='ocr_line' id='line_1_20' title="bbox 88 2283 1117 2376; baseline -0.003 -23"><span class='ocrx_word' id='word_1_159' title='bbox 88 2289 204 2374; x_wconf 81' lang='lat' dir='ltr'>placet.</span> <span class='ocrx_word' id='word_1_160' title='bbox 258 2286 409 2372; x_wconf 86' lang='lat' dir='ltr'>Princeps</span> <span class='ocrx_word' id='word_1_161' title='bbox 438 2309 547 2353; x_wconf 85' lang='lat' dir='ltr'>eornm</span> <span class='ocrx_word' id='word_1_162' title='bbox 579 2300 629 2360; x_wconf 85' lang='lat' dir='ltr'>est</span> <span class='ocrx_word' id='word_1_163' title='bbox 653 2283 792 2354; x_wconf 84' lang='lat' dir='ltr'>Maximi</span> <span class='ocrx_word' id='word_1_164' title='bbox 823 2284 916 2370; x_wconf 88' lang='lat' dir='ltr'>Tyrii</span> <span class='ocrx_word' id='word_1_165' title='bbox 951 2283 1117 2376; x_wconf 51' lang='lat' dir='ltr'>(Disserte</span> 
     </span>
     <span class='ocr_line' id='line_1_21' title="bbox 90 2380 1106 2471; baseline 0.003 -24"><span class='ocrx_word' id='word_1_166' title='bbox 90 2384 221 2454; x_wconf 90' lang='lat' dir='ltr'><strong>XXIV.</strong></span> <span class='ocrx_word' id='word_1_167' title='bbox 235 2408 279 2471; x_wconf 93' lang='lat' dir='ltr'>·.p</span> <span class='ocrx_word' id='word_1_168' title='bbox 294 2384 375 2454; x_wconf 46' lang='lat'>3297</span> <span class='ocrx_word' id='word_1_169' title='bbox 397 2382 527 2462; x_wconf 79' lang='lat' dir='ltr'>Daris)</span> <span class='ocrx_word' id='word_1_170' title='bbox 563 2380 600 2446; x_wconf 86' lang='lat'>‘0</span> <span class='ocrx_word' id='word_1_171' title='bbox 627 2380 660 2444; x_wconf 80' lang='grc' dir='ltr'>δὲ</span> <span class='ocrx_word' id='word_1_172' title='bbox 686 2405 740 2464; x_wconf 82' lang='grc' dir='ltr'>της</span> <span class='ocrx_word' id='word_1_173' title='bbox 760 2385 893 2468; x_wconf 77' lang='grc' dir='ltr'><strong>Λιοβίας</strong></span> <span class='ocrx_word' id='word_1_174' title='bbox 923 2383 966 2468; x_wconf 74' lang='grc' dir='ltr'>(εἴ</span> <span class='ocrx_word' id='word_1_175' title='bbox 982 2407 1030 2451; x_wconf 90' lang='grc' dir='ltr'>τοι</span> <span class='ocrx_word' id='word_1_176' title='bbox 1050 2384 1106 2468; x_wconf 73' lang='grc' dir='ltr'>χρὴ</span> 
     </span>
     <span class='ocr_line' id='line_1_22' title="bbox 91 2477 1109 2574; baseline -0.002 -28"><span class='ocrx_word' id='word_1_177' title='bbox 91 2479 294 2574; x_wconf 74' lang='grc' dir='ltr'><strong>πρεσβύτερα</strong></span> <span class='ocrx_word' id='word_1_178' title='bbox 297 2490 362 2555; x_wconf 83' lang='grc' dir='ltr'>τοῖς</span> <span class='ocrx_word' id='word_1_179' title='bbox 381 2483 456 2554; x_wconf 83' lang='grc' dir='ltr'><strong>νέοις</strong></span> <span class='ocrx_word' id='word_1_180' title='bbox 479 2479 620 2566; x_wconf 77' lang='grc' dir='ltr'>εἰκάσαι)</span> <span class='ocrx_word' id='word_1_181' title='bbox 648 2483 680 2542; x_wconf 79' lang='grc' dir='ltr'>τί</span> <span class='ocrx_word' id='word_1_182' title='bbox 702 2479 740 2541; x_wconf 84' lang='grc' dir='ltr'>ἀι</span> <span class='ocrx_word' id='word_1_183' title='bbox 766 2477 810 2561; x_wconf 81' lang='grc' dir='ltr'>εἴη</span> <span class='ocrx_word' id='word_1_184' title='bbox 831 2477 970 2561; x_wconf 73' lang='lat' dir='ltr'>dtt0‚’&#39;</span> <span class='ocrx_word' id='word_1_185' title='bbox 949 2505 979 2563; x_wconf 87' lang='grc' dir='ltr'><em>η</em></span> <span class='ocrx_word' id='word_1_186' title='bbox 995 2506 1014 2564; x_wconf 86' lang='grc' dir='ltr'><em>η</em></span> <span class='ocrx_word' id='word_1_187' title='bbox 1034 2487 1109 2544; x_wconf 87' lang='grc' dir='ltr'>Σω</span> 
     </span>
     <span class='ocr_line' id='line_1_23' title="bbox 91 2573 1107 2664; baseline 0.001 -21"><span class='ocrx_word' id='word_1_188' title='bbox 91 2577 224 2664; x_wconf 77' lang='grc' dir='ltr'><strong>κράτους</strong></span> <span class='ocrx_word' id='word_1_189' title='bbox 242 2579 325 2662; x_wconf 83' lang='grc' dir='ltr'><strong><em>τέχνη</em></strong></span> <span class='ocrx_word' id='word_1_190' title='bbox 346 2577 489 2661; x_wconf 71' lang='grc' dir='ltr'><strong>ἐρωτικης</strong></span> <span class='ocrx_word' id='word_1_191' title='bbox 519 2581 655 2642; x_wconf 79' lang='grc' dir='ltr'><strong>Δοκοῦσι</strong></span> <span class='ocrx_word' id='word_1_192' title='bbox 680 2573 738 2662; x_wconf 80' lang='grc' dir='ltr'>γάρ</span> <span class='ocrx_word' id='word_1_193' title='bbox 760 2600 814 2658; x_wconf 89' lang='grc' dir='ltr'>μοι</span> <span class='ocrx_word' id='word_1_194' title='bbox 841 2577 895 2659; x_wconf 74' lang='grc' dir='ltr'>τὴν</span> <span class='ocrx_word' id='word_1_195' title='bbox 914 2578 994 2643; x_wconf 82' lang='grc' dir='ltr'><strong>κατὰ</strong></span> <span class='ocrx_word' id='word_1_196' title='bbox 1011 2603 1107 2644; x_wconf 86' lang='grc' dir='ltr'><strong>ταυτο</strong></span> 
     </span>
     <span class='ocr_line' id='line_1_24' title="bbox 90 2670 1108 2762; baseline 0 -22"><span class='ocrx_word' id='word_1_197' title='bbox 90 2674 232 2762; x_wconf 78' lang='grc' dir='ltr'><strong>ἑκάτερος</strong></span> <span class='ocrx_word' id='word_1_198' title='bbox 260 2676 420 2758; x_wconf 81' lang='grc' dir='ltr'><strong>φιλίαι,</strong></span> <span class='ocrx_word' id='word_1_199' title='bbox 403 2703 423 2759; x_wconf 89' lang='grc' dir='ltr'><em>η</em></span> <span class='ocrx_word' id='word_1_200' title='bbox 453 2674 506 2762; x_wconf 82' lang='grc' dir='ltr'><strong>μὲι</strong></span> <span class='ocrx_word' id='word_1_201' title='bbox 521 2679 679 2754; x_wconf 78' lang='grc' dir='ltr'><strong>γυναικῶν,</strong></span> <span class='ocrx_word' id='word_1_202' title='bbox 708 2675 726 2736; x_wconf 89' lang='grc' dir='ltr'><strong>ὁ</strong></span> <span class='ocrx_word' id='word_1_203' title='bbox 747 2670 821 2736; x_wconf 73' lang='lat' dir='ltr'>dri-²</span> <span class='ocrx_word' id='word_1_204' title='bbox 803 2677 934 2760; x_wconf 81' lang='grc' dir='ltr'><strong>αρρέιωι</strong></span> <span class='ocrx_word' id='word_1_205' title='bbox 953 2676 1108 2758; x_wconf 77' lang='grc' dir='ltr'><strong>ἐπιτηδεῦ-</strong></span> 
     </span>
    </p>
   </div>
   <div class='ocr_carea' id='block_1_5' title="bbox 95 2767 1216 2860">
    <p class='ocr_par' dir='ltr' id='par_1_5' title="bbox 95 2767 1216 2860">
     <span class='ocr_line' id='line_1_25' title="bbox 95 2767 1216 2860; baseline -0.002 -22"><span class='ocrx_word' id='word_1_206' title='bbox 95 2798 152 2838; x_wconf 79' lang='grc' dir='ltr'>σαι</span> <span class='ocrx_word' id='word_1_207' title='bbox 169 2773 221 2838; x_wconf 71' lang='grc' dir='ltr'>καὶ</span> <span class='ocrx_word' id='word_1_208' title='bbox 239 2773 306 2860; x_wconf 76' lang='grc' dir='ltr'>γὰρ</span> <span class='ocrx_word' id='word_1_209' title='bbox 321 2773 478 2840; x_wconf 78' lang='grc' dir='ltr'><strong>πολλῶν’</strong></span> <span class='ocrx_word' id='word_1_210' title='bbox 463 2778 536 2858; x_wconf 79' lang='grc' dir='ltr'><strong>ερᾷι</strong></span> <span class='ocrx_word' id='word_1_211' title='bbox 552 2771 655 2848; x_wconf 68' lang='grc' dir='ltr'><strong>ἕλειοι</strong></span> <span class='ocrx_word' id='word_1_212' title='bbox 681 2771 733 2832; x_wconf 80' lang='grc' dir='ltr'>καὶ</span> <span class='ocrx_word' id='word_1_213' title='bbox 751 2769 812 2832; x_wconf 80' lang='grc' dir='ltr'>ὑπὸ</span> <span class='ocrx_word' id='word_1_214' title='bbox 840 2771 962 2837; x_wconf 65' lang='lat' dir='ltr'>coinon</span> <span class='ocrx_word' id='word_1_215' title='bbox 990 2772 1108 2837; x_wconf 78' lang='grc' dir='ltr'><strong><em>ἁλίσκε-</em></strong></span> <span class='ocrx_word' id='word_1_216' title='bbox 1194 2767 1216 2794; x_wconf 52' lang='grc'><strong><em>“</em></strong></span> 
     </span>
    </p>
   </div>
   <div class='ocr_carea' id='block_1_6' title="bbox 68 2865 1201 4014">
    <p class='ocr_par' dir='ltr' id='par_1_6' title="bbox 68 2865 1201 4014">
     <span class='ocr_line' id='line_1_26' title="bbox 85 2865 1111 2956; baseline 0 -22"><span class='ocrx_word' id='word_1_217' title='bbox 85 2879 171 2935; x_wconf 80' lang='grc' dir='ltr'><strong>σθαι</strong></span> <span class='ocrx_word' id='word_1_218' title='bbox 189 2876 252 2935; x_wconf 75' lang='grc' dir='ltr'>τῶν</span> <span class='ocrx_word' id='word_1_219' title='bbox 270 2869 426 2936; x_wconf 81' lang='grc' dir='ltr'><strong>καλῶι.’</strong></span> <span class='ocrx_word' id='word_1_220' title='bbox 407 2897 441 2952; x_wconf 88' lang='grc' dir='ltr'>ο,</span> <span class='ocrx_word' id='word_1_221' title='bbox 459 2892 488 2934; x_wconf 86' lang='grc' dir='ltr'>τι</span> <span class='ocrx_word' id='word_1_222' title='bbox 508 2869 567 2956; x_wconf 74' lang='grc' dir='ltr'>γὰρ</span> <span class='ocrx_word' id='word_1_223' title='bbox 591 2870 689 2950; x_wconf 74' lang='grc' dir='ltr'><strong><em>ἐκείνῳ</em></strong></span> <span class='ocrx_word' id='word_1_224' title='bbox 707 2865 899 2952; x_wconf 76' lang='grc' dir='ltr'><strong>Ἀλκιβιάδης</strong></span> <span class='ocrx_word' id='word_1_225' title='bbox 917 2869 969 2933; x_wconf 80' lang='grc' dir='ltr'>καὶ</span> <span class='ocrx_word' id='word_1_226' title='bbox 987 2875 1111 2956; x_wconf 78' lang='grc' dir='ltr'><strong>Χαρμί-</strong></span> 
     </span>
     <span class='ocr_line' id='line_1_27' title="bbox 91 2956 1110 3088; baseline -0.003 -55"><span class='ocrx_word' id='word_1_227' title='bbox 91 2967 171 3088; x_wconf 64' lang='lat' dir='ltr'>einp</span> <span class='ocrx_word' id='word_1_228' title='bbox 171 2969 225 3034; x_wconf 80' lang='grc' dir='ltr'>καὶ</span> <span class='ocrx_word' id='word_1_229' title='bbox 255 2969 408 3052; x_wconf 77' lang='grc' dir='ltr'>Φαῖδρος,</span> <span class='ocrx_word' id='word_1_230' title='bbox 432 2972 527 3032; x_wconf 82' lang='grc' dir='ltr'><strong>τοῦτο</strong></span> <span class='ocrx_word' id='word_1_231' title='bbox 557 2971 596 3061; x_wconf 76' lang='grc' dir='ltr'>τῇ</span> <span class='ocrx_word' id='word_1_232' title='bbox 626 2967 746 3050; x_wconf 66' lang='lat' dir='ltr'>Asopia</span> <span class='ocrx_word' id='word_1_233' title='bbox 771 2956 924 3050; x_wconf 85' lang='grc' dir='ltr'><strong>Γιιριινα</strong></span> <span class='ocrx_word' id='word_1_234' title='bbox 929 2967 983 3032; x_wconf 81' lang='grc' dir='ltr'>καὶ</span> <span class='ocrx_word' id='word_1_235' title='bbox 1006 2967 1110 3043; x_wconf 78' lang='grc' dir='ltr'><strong>Ἀτθις</strong></span> 
     </span>
     <span class='ocr_line' id='line_1_28' title="bbox 89 3060 1153 3152; baseline -0.002 -20"><span class='ocrx_word' id='word_1_236' title='bbox 89 3092 144 3132; x_wconf 83' lang='grc' dir='ltr'>και</span> <span class='ocrx_word' id='word_1_237' title='bbox 136 3064 347 3151; x_wconf 75' lang='grc' dir='ltr'><strong>Ἀιακτορία·</strong></span> <span class='ocrx_word' id='word_1_238' title='bbox 369 3067 420 3130; x_wconf 74' lang='grc' dir='ltr'>καὶ</span> <span class='ocrx_word' id='word_1_239' title='bbox 440 3063 467 3145; x_wconf 79' lang='grc' dir='ltr'>δ’,</span> <span class='ocrx_word' id='word_1_240' title='bbox 487 3089 516 3130; x_wconf 86' lang='grc' dir='ltr'>τι</span> <span class='ocrx_word' id='word_1_241' title='bbox 535 3087 589 3147; x_wconf 85' lang='grc' dir='ltr'><strong>ιιιρ</strong></span> <span class='ocrx_word' id='word_1_242' title='bbox 608 3060 816 3150; x_wconf 77' lang='grc' dir='ltr'><strong>Σωκράτει</strong></span> <span class='ocrx_word' id='word_1_243' title='bbox 784 3089 816 3128; x_wconf 90' lang='grc' dir='ltr'>οι</span> <span class='ocrx_word' id='word_1_244' title='bbox 835 3065 1005 3148; x_wconf 75' lang='grc' dir='ltr'><strong>ἀντίτεχνοι,</strong></span> <span class='ocrx_word' id='word_1_245' title='bbox 1023 3064 1111 3152; x_wconf 88' lang='grc' dir='ltr'><strong>Πρό-</strong></span> <span class='ocrx_word' id='word_1_246' title='bbox 1148 3095 1153 3116; x_wconf 71' lang='grc' dir='ltr'><strong>ι</strong></span> 
     </span>
     <span class='ocr_line' id='line_1_29' title="bbox 68 3159 1111 3279; baseline 0.001 -53"><span class='ocrx_word' id='word_1_247' title='bbox 68 3163 180 3237; x_wconf 72' lang='lat' dir='ltr'>&#39;druos</span> <span class='ocrx_word' id='word_1_248' title='bbox 198 3163 250 3228; x_wconf 78' lang='grc' dir='ltr'>καὶ</span> <span class='ocrx_word' id='word_1_249' title='bbox 269 3166 406 3249; x_wconf 75' lang='grc' dir='ltr'>Γοργίας</span> <span class='ocrx_word' id='word_1_250' title='bbox 428 3163 482 3234; x_wconf 80' lang='grc' dir='ltr'>καὶ</span> <span class='ocrx_word' id='word_1_251' title='bbox 505 3159 704 3247; x_wconf 84' lang='grc' dir='ltr'><strong>Θραοιιμαχος</strong></span> <span class='ocrx_word' id='word_1_252' title='bbox 723 3161 774 3230; x_wconf 77' lang='grc' dir='ltr'>καὶ</span> <span class='ocrx_word' id='word_1_253' title='bbox 792 3161 1016 3279; x_wconf 66' lang='grc' dir='ltr'><strong>Πρωταρρρας,</strong></span> <span class='ocrx_word' id='word_1_254' title='bbox 1036 3187 1111 3228; x_wconf 92' lang='grc' dir='ltr'><strong>τοιι-</strong></span> 
     </span>
     <span class='ocr_line' id='line_1_30' title="bbox 89 3253 1112 3380; baseline -0.007 -52"><span class='ocrx_word' id='word_1_255' title='bbox 89 3285 129 3328; x_wconf 81' lang='grc' dir='ltr'>το</span> <span class='ocrx_word' id='word_1_256' title='bbox 155 3266 194 3355; x_wconf 78' lang='grc' dir='ltr'>τῇ</span> <span class='ocrx_word' id='word_1_257' title='bbox 222 3265 357 3342; x_wconf 83' lang='grc' dir='ltr'><strong>Σαπφοῖ</strong></span> <span class='ocrx_word' id='word_1_258' title='bbox 381 3253 504 3346; x_wconf 78' lang='grc' dir='ltr'><strong>Γοργὼ,</strong></span> <span class='ocrx_word' id='word_1_259' title='bbox 521 3261 573 3324; x_wconf 82' lang='grc' dir='ltr'>καὶ</span> <span class='ocrx_word' id='word_1_260' title='bbox 599 3257 796 3344; x_wconf 77' lang='grc' dir='ltr'>Ἀνδρομέδα·</span> <span class='ocrx_word' id='word_1_261' title='bbox 832 3266 884 3325; x_wconf 75' lang='lat' dir='ltr'>adr</span> <span class='ocrx_word' id='word_1_262' title='bbox 908 3258 962 3344; x_wconf 82' lang='grc' dir='ltr'><strong>μὲι</strong></span> <span class='ocrx_word' id='word_1_263' title='bbox 989 3262 1112 3380; x_wconf 79' lang='grc' dir='ltr'><strong>ἓτιιτιμρῖ</strong></span> 
     </span>
     <span class='ocr_line' id='line_1_31' title="bbox 88 3355 1112 3442; baseline 0.002 -20"><span class='ocrx_word' id='word_1_264' title='bbox 88 3356 258 3439; x_wconf 79' lang='grc' dir='ltr'><strong>ταύταις,</strong></span> <span class='ocrx_word' id='word_1_265' title='bbox 253 3365 310 3424; x_wconf 78' lang='grc' dir='ltr'>νῦν</span> <span class='ocrx_word' id='word_1_266' title='bbox 337 3356 370 3422; x_wconf 78' lang='grc' dir='ltr'>δὲ</span> <span class='ocrx_word' id='word_1_267' title='bbox 396 3357 501 3442; x_wconf 71' lang='grc' dir='ltr'><strong>ἐλέγχει</strong></span> <span class='ocrx_word' id='word_1_268' title='bbox 537 3357 589 3421; x_wconf 74' lang='grc' dir='ltr'>καὶ</span> <span class='ocrx_word' id='word_1_269' title='bbox 616 3355 799 3440; x_wconf 65' lang='lat' dir='ltr'>ripuariam</span> <span class='ocrx_word' id='word_1_270' title='bbox 831 3357 912 3431; x_wconf 78' lang='grc' dir='ltr'><strong>αὐτοι</strong></span> <span class='ocrx_word' id='word_1_271' title='bbox 947 3359 1042 3424; x_wconf 82' lang='grc' dir='ltr'><strong>ἓιιιιια</strong></span> <span class='ocrx_word' id='word_1_272' title='bbox 1055 3359 1112 3430; x_wconf 75' lang='grc' dir='ltr'>τά</span> 
     </span>
     <span class='ocr_line' id='line_1_32' title="bbox 87 3455 1201 3553; baseline -0.001 -34"><span class='ocrx_word' id='word_1_273' title='bbox 87 3455 288 3540; x_wconf 82' lang='grc' dir='ltr'><strong>Σωκράτους.</strong></span> <span class='ocrx_word' id='word_1_274' title='bbox 348 3458 465 3523; x_wconf 86' lang='lat' dir='ltr'>Snidas</span> <span class='ocrx_word' id='word_1_275' title='bbox 496 3455 678 3541; x_wconf 84' lang='lat' dir='ltr'>Sapphonis</span> <span class='ocrx_word' id='word_1_276' title='bbox 704 3456 879 3553; x_wconf 85' lang='lat' dir='ltr'>familiares</span> <span class='ocrx_word' id='word_1_277' title='bbox 908 3456 1008 3524; x_wconf 84' lang='lat' dir='ltr'>fuisse</span> <span class='ocrx_word' id='word_1_278' title='bbox 1036 3459 1113 3524; x_wconf 85' lang='lat' dir='ltr'>dicit</span> <span class='ocrx_word' id='word_1_279' title='bbox 1199 3499 1201 3518; x_wconf 54' lang='grc' dir='ltr'><strong>ι</strong></span> 
     </span>
     <span class='ocr_line' id='line_1_33' title="bbox 88 3552 1114 3642; baseline 0.002 -24"><span class='ocrx_word' id='word_1_280' title='bbox 88 3552 280 3635; x_wconf 69' lang='lat' dir='ltr'>Atthidem,</span> <span class='ocrx_word' id='word_1_281' title='bbox 322 3555 382 3620; x_wconf 85' lang='lat' dir='ltr'>Tel</span> <span class='ocrx_word' id='word_1_282' title='bbox 367 3559 542 3642; x_wconf 80' lang='lat' dir='ltr'>lesippum,</span> <span class='ocrx_word' id='word_1_283' title='bbox 582 3553 780 3639; x_wconf 64' lang='lat' dir='ltr'>Megaram</span> <span class='ocrx_word' id='word_1_284' title='bbox 826 3554 997 3638; x_wconf 82' lang='lat' dir='ltr'>discipulas</span> <span class='ocrx_word' id='word_1_285' title='bbox 1036 3577 1114 3622; x_wconf 81' lang='lat' dir='ltr'>vero</span> 
     </span>
     <span class='ocr_line' id='line_1_34' title="bbox 71 3649 1111 3738; baseline -0.001 -23"><span class='ocrx_word' id='word_1_286' title='bbox 71 3652 285 3737; x_wconf 80' lang='lat' dir='ltr'>,Anagorcm</span> <span class='ocrx_word' id='word_1_287' title='bbox 305 3653 491 3732; x_wconf 69' lang='lat' dir='ltr'>Milesiam,</span> <span class='ocrx_word' id='word_1_288' title='bbox 526 3652 705 3738; x_wconf 69' lang='lat' dir='ltr'>Gongylum</span> <span class='ocrx_word' id='word_1_289' title='bbox 738 3649 983 3736; x_wconf 70' lang='lat' dir='ltr'>Colophonium,</span> <span class='ocrx_word' id='word_1_290' title='bbox 1008 3649 1111 3718; x_wconf 75' lang='grc' dir='ltr'><strong>Ειιιιι-</strong></span> 
     </span>
     <span class='ocr_line' id='line_1_35' title="bbox 90 3747 1093 3838; baseline -0.004 -25"><span class='ocrx_word' id='word_1_291' title='bbox 90 3771 166 3814; x_wconf 80' lang='grc' dir='ltr'><strong>οαιιι</strong></span> <span class='ocrx_word' id='word_1_292' title='bbox 186 3749 407 3817; x_wconf 75' lang='lat' dir='ltr'>Salaminiam</span> <span class='ocrx_word' id='word_1_293' title='bbox 440 3751 539 3834; x_wconf 82' lang='lat' dir='ltr'>Apud</span> <span class='ocrx_word' id='word_1_294' title='bbox 555 3749 736 3815; x_wconf 85' lang='lat' dir='ltr'>Ovidium&#39;</span> <span class='ocrx_word' id='word_1_295' title='bbox 726 3763 773 3816; x_wconf 90' lang='lat' dir='ltr'>rta</span> <span class='ocrx_word' id='word_1_296' title='bbox 793 3748 931 3838; x_wconf 86' lang='lat' dir='ltr'>loquitur</span> <span class='ocrx_word' id='word_1_297' title='bbox 946 3747 1093 3832; x_wconf 79' lang='lat' dir='ltr'>Sappho:</span> 
     </span>
     <span class='ocr_line' id='line_1_36' title="bbox 137 3845 1042 3936; baseline -0.002 -22"><span class='ocrx_word' id='word_1_298' title='bbox 137 3845 213 3914; x_wconf 85' lang='lat' dir='ltr'>Nec</span> <span class='ocrx_word' id='word_1_299' title='bbox 234 3849 313 3914; x_wconf 81' lang='grc' dir='ltr'><strong>ιιιιῚιι·</strong></span> <span class='ocrx_word' id='word_1_300' title='bbox 331 3849 537 3934; x_wconf 72' lang='lat' dir='ltr'>Pyrrhiades.</span> <span class='ocrx_word' id='word_1_301' title='bbox 553 3847 690 3914; x_wconf 79' lang='lat' dir='ltr'>subeunt</span> <span class='ocrx_word' id='word_1_302' title='bbox 709 3845 880 3914; x_wconf 77' lang='lat' dir='ltr'>Naidesce</span> <span class='ocrx_word' id='word_1_303' title='bbox 894 3849 1042 3936; x_wconf 79' lang='lat' dir='ltr'>puellae,</span> 
     </span>
     <span class='ocr_line' id='line_1_37' title="bbox 158 3943 1065 4014; baseline -0.003 -4"><span class='ocrx_word' id='word_1_304' title='bbox 158 3943 258 4011; x_wconf 86' lang='lat' dir='ltr'>·Nec</span> <span class='ocrx_word' id='word_1_305' title='bbox 284 3969 334 4013; x_wconf 83' lang='lat' dir='ltr'>me</span> <span class='ocrx_word' id='word_1_306' title='bbox 355 3945 553 4014; x_wconf 79' lang='lat' dir='ltr'>Lesbiadum</span> <span class='ocrx_word' id='word_1_307' title='bbox 580 3954 694 4010; x_wconf 81' lang='lat' dir='ltr'>cetera</span> <span class='ocrx_word' id='word_1_308' title='bbox 723 3945 821 4012; x_wconf 80' lang='lat' dir='ltr'>tarda</span> <span class='ocrx_word' id='word_1_309' title='bbox 844 3952 969 4010; x_wconf 72' lang='lat' dir='ltr'>irruat·</span> <span class='ocrx_word' id='word_1_310' title='bbox 1019 3959 1022 3974; x_wconf 83' lang='lat'>¹</span> <span class='ocrx_word' id='word_1_311' title='bbox 1061 3987 1065 3996; x_wconf 46' lang='grc' dir='ltr'><strong>ι</strong></span> 
     </span>
    </p>
   </div>
   <div class='ocr_carea' id='block_1_7' title="bbox 142 4041 1105 4130">
    <p class='ocr_par' dir='ltr' id='par_1_7' title="bbox 142 4041 1105 4130">
     <span class='ocr_line' id='line_1_38' title="bbox 142 4041 1105 4130; baseline 0.002 -22"><span class='ocrx_word' id='word_1_312' title='bbox 142 4041 222 4109; x_wconf 72' lang='lat' dir='ltr'>Vua</span> <span class='ocrx_word' id='word_1_313' title='bbox 240 4043 442 4130; x_wconf 66' lang='lat' dir='ltr'>Amymone,</span> <span class='ocrx_word' id='word_1_314' title='bbox 470 4047 545 4110; x_wconf 72' lang='grc' dir='ltr'><strong>αι’]ιι</strong></span> <span class='ocrx_word' id='word_1_315' title='bbox 564 4041 642 4108; x_wconf 74' lang='lat' dir='ltr'>malli</span> <span class='ocrx_word' id='word_1_316' title='bbox 661 4045 803 4110; x_wconf 70' lang='lat' dir='ltr'>carr-lida</span> <span class='ocrx_word' id='word_1_317' title='bbox 827 4042 945 4127; x_wconf 69' lang='lat' dir='ltr'>Cydno,</span> <span class='ocrx_word' id='word_1_318' title='bbox 990 4075 992 4080; x_wconf 96' lang='lat'>·</span> <span class='ocrx_word' id='word_1_319' title='bbox 1029 4104 1064 4116; x_wconf 29' lang='grc' dir='ltr'>,ι</span> <span class='ocrx_word' id='word_1_320' title='bbox 1100 4067 1105 4078; x_wconf 87' lang='grc'><em>·</em></span> 
     </span>
    </p>
   </div>
   <div class='ocr_carea' id='block_1_8' title="bbox 0 0 1386 4670">
    <p class='ocr_par' dir='ltr' id='par_1_8' title="bbox 0 0 1386 4670">
     <span class='ocr_line' id='line_1_39' title="bbox 0 0 1386 4670; baseline 0 0"><span class='ocrx_word' id='word_1_321' title='bbox 0 0 1386 4670; x_wconf 95' lang='lat' dir='ltr'> </span> 
     </span>
    </p>
   </div>
  </div>
 </body>
</html>
