2734 4676
440 395 442 399 ·
490 388 690 408 ''fi-m·—

73 531 190 617 rueme
234 537 340 608 iunior
382 537 505 614 scilicet
561 541 751 631 Olympiade
794 555 946 626 mcesims
963 569 1086 648 .tertia,

73 643 188 708 senior
231 652 333 702 autem
374 634 565 723 Olympiade
606 644 759 712 vicesima
800 668 895 721 sexta
934 660 988 726 vel
1030 669 1090 730 tri«

8 816 13 824 .
74 739 204 824 gesimo
221 735 321 806 tertia.
394 733 448 798 Sic
477 738 564 800 enim
592 744 699 806 omnia
725 753 895 817 convenire
920 757 965 820 ait
994 745 1085 826 Dod-

76 831 201 898 wellus.
243 829 360 916 Opinio
381 828 583 919 haecquanti
604 840 801 908 aestimanda
823 850 865 912 sit
885 833 1087 941 n'emoignm
1131 921 1134 930 ,

78 944 138 995 rat.
182 926 319 994 'l'antum
341 927 449 1007 abest,
475 943 511 993 ut
535 931 574 994 de
605 931 729 1000 duobus
755 941 894 1009 tribusve
924 950 1084 1040 Lycurgis

81 1029 210 1114 eogitari
236 1027 357 1112 possit,
405 1043 443 1092 nt
466 1029 524 1092 vix
549 1050 631 1093 unus
650 1054 793 1120 ¹unquam
830 1047 992 1114 exstitisse
1023 1075 1084 1136 pu-

76 1128 187 1192 tandus
218 1126 271 1188 sit.
340 1123 501 1190 Videlicet
519 1126 709 1214 Hieronymi
736 1133 775 1197 ‹le
805 1151 909 1204 aetate
938 1140 1084 1232 'l'erpan-

71 1227 121 1288 dri
150 1223 368 1286 narrationem
396 1226 445 1301 ei,
472 1245 565 1310 qnam
594 1247 638 1288 ex
664 1224 851 1311 Hellenico,
878 1235 1020 1314 Eusebio
1050 1259 1083 1310 et

68 1321 234 1386 Marmore
255 1318 351 1384 Pario
377 1319 548 1399 attulimus,
575 1321 661 1390 haud
681 1325 776 1411 facile
794 1331 956 1398 conciliari
974 1357 1080 1421 posse.

5 1427 6 1436 ’
70 1417 171 1484 Certa
189 1420 276 1502 ipsas
296 1415 382 1480 haud
404 1417 584 1482 conciliavit
604 1419 759 1500 Stamina,
775 1430 842 1512 ¹qni
862 1430 902 1493 al
921 1429 1081 1510 Hellanici
1151 1466 1154 1476 ·

66 1517 250 1600 fragmenta
277 1536 310 1599 p.
332 1514 383 1576 85.
411 1517 457 1578 ita
484 1515 608 1580 scribit:
654 1517 696 1582 St·
727 1543 882 1592 mtnmmmr
917 1527 1080 1610 Sacamum,

67 1609 247 1698 (Sosibium
273 1633 326 1696 ap«
341 1610 458 1680 Athen.
477 1609 543 1694 ll.)
565 1636 633 1678 cam
661 1624 844 1686 nommant
866 1623 1080 1708 Olympiadem

66 1715 253 1798 vicesimam
267 1718 412 1786 sestam,
434 1730 545 1772 veram
576 1712 793 1797 Olympiadem
816 1718 968 1801 epocham
989 1747 1080 1790 reca-
1109 1765 1114 1784 κ

67 1819 138 1871 tam
157 1827 240 1882 esse,
261 1827 280 1870 e
299 1827 362 1889 quc
387 1806 547 1888 Olympias
571 1809 714 1892 epochae
736 1815 882 1898 vulgaris
898 1825 1009 1902 prima
1029 1837 1079 1890 ert

67 1902 208 1988 Iplm'tea
221 1900 527 1987 ‘duodetrigesimum
555 1915 648 1990 sepa-i
681 1911 819 1990 cidetmr,
857 1914 1078 2000 Terpamdrmm

72 2001 206 2066 Carmen
225 2004 340 2064 nicetae
360 2008 431 2062 octo
445 2003 529 2077 fere
548 2008 642 2066 aereis
664 2016 741 2069 ante
754 2007 916 2090 lptneam
931 2017 1077 2085 letdarum

68 2100 305 2181 Olympicormm
323 2102 600 2161 instaurationem.
647 2099 748 2174 Qtram
767 2112 926 2171 rationem
946 2133 1010 2177 mom
1024 2139 1077 2180 re·

49 2195 220 2282 pugnare
246 2191 438 2275 Hieronymi
471 2200 598 2258 rationi
621 2210 735 2280 sponte
759 2205 964 2287 intelligitur.
1012 2210 1077 2278 Mi-

63 2315 124 2360 rus
143 2315 241 2368 error,
257 2314 318 2379 quo
338 2291 515 2376 implicatus
535 2307 583 2354 est
602 2299 650 2359 vir
668 2297 788 2374 doctus,
808 2314 921 2384 sponte
936 2323 1076 2390 apparet.

64 2391 143 2458 Non
165 2412 241 2464 vero
265 2402 330 2465 est,
350 2403 385 2450 ut
404 2391 438 2451 in
457 2389 679 2456 diversissimis
701 2393 763 2457 illis
787 2395 826 2457 de
847 2413 950 2463 aetate
973 2401 1075 2491 Terp-

43 2491 162 2556 'andri
203 2483 436 2550 narrationibus
473 2484 680 2552 conciliandis
732 2492 848 2556 frustra
885 2494 1075 2593 laboratum,

64 2609 142 2652 cum
169 2584 327 2648 Hellanici
345 2602 516 2666 eorumque
539 2587 591 2668 qui
613 2607 684 2650 eum
705 2593 804 2654 secuti
826 2605 900 2654 sunt
922 2601 1075 2663 narratio·

64 2707 141 2750 nem
164 2686 257 2747 unice
285 2702 394 2743 veram
425 2700 496 2754 esse
524 2693 631 2764 pateat
661 2709 791 2774 cumque
819 2690 912 2752 facile
938 2699 1075 2781 perspici

67 2794 173 2868 queat,
193 2802 255 2866 quo
274 2778 391 2840 factum
414 2779 464 2852 sit,
494 2791 529 2838 ut
551 2778 765 2863 Hieronymus
786 2789 935 2873 Lycurgo
959 2815 1073 2878 aequa·
1170 2839 1174 2848 =

66 2879 131 2942 lem
149 2881 327 2961 assignaret
341 2871 571 2956 Terpandrum.
614 2876 839 2943 Citharoedum
856 2907 968 2971 nempe
985 2888 1073 2952 illum

65 2977 156 3061 leges
179 2977 332 3056 Lycurgo
356 2969 521 3032 attributas
550 2992 663 3037 vocum
690 2982 777 3043 sonis
802 2985 937 3065 primum
959 2989 1072 3048 rescri-

61 3078 169 3160 psisse
197 3072 328 3136 Graecis
356 3068 554 3130 notissimum
590 3084 667 3133 erat.
728 3073 792 3138 Res
831 3078 885 3142 illa
915 3086 1073 3144 sententia

59 3175 137 3235 mea
164 3169 269 3232 fraudi
300 3165 360 3227 tuit
395 3162 594 3248 Hieronymo
629 3191 760 3257 eumque
798 3195 837 3237 eo
863 3176 1010 3254 adduxit,
1038 3194 1073 3244 ut

14 3305 17 3325 ,
61 3265 298 3352 Τρψαῃάιιιηι,
328 3260 368 3325 ab
396 3258 602 3344 Olympiade.
618 3269 768 3330 vicesima
797 3285 890 3334 sexta
912 3275 1073 3360 usquead

59 3366 259 3428 tricesimam
285 3363 409 3425 tertiam
441 3372 507 3420 arte
536 3365 657 3424 musica
687 3363 822 3443 clarum,
858 3369 898 3432 ad
931 3371 1072 3460 Lycurgi

57 3461 258 3546 legislatoris
293 3471 445 3532 aetatem,
482 3455 533 3517 val
564 3463 670 3541 potius
702 3462 735 3522 id
763 3475 903 3546 tempus,
929 3490 991 3552 quo
1018 3470 1072 3534 ille

5 3563 22 3611 .·
55 3559 392 3624 Lacedaemoniorum
430 3554 589 3618 civitatem
624 3560 748 3620 rexisse
787 3559 886 3644 vulgo
926 3566 1071 3645 creditur,

55 3651 317 3736 transferret³⁸l

141 3747 276 3829 Restat,
302 3766 338 3814 ut
363 3753 402 3814 de
432 3754 590 3814 sententia
619 3749 731 3815 Glauci
759 3751 830 3817 Itali
858 3778 877 3819 a
902 3756 1069 3822 Plutarcho
1108 3805 1110 3810 ·

132 3906 176 3966 ³⁸)
198 3904 239 3957 Cf.
261 3905 365 3957 Freret.
390 3905 573 3972 chronologia
593 3905 626 3957 de
656 3905 774 3959 Newton
802 3911 881 3964 Tom.
906 3914 939 3975 ll,
964 3931 991 3982 p.
1015 3915 1069 3968 198

52 4013 92 4024 -
109 3983 179 4039 203.
199 3987 264 4038 edit.
284 3986 371 4038 Paris.
395 3987 476 4041 1796.
498 3989 544 4056 qui
569 3987 687 4054 probata
711 3989 849 4043 Hellanici
875 3993 984 4044 ratione
1003 3995 1069 4047 ilie-

51 4079 211 4136 ronymum
228 4068 297 4120 bene
314 4067 425 4122 refutat.

841 4135 873 4198 K
