<?xml version="1.0" encoding="UTF-8"?>
<!DOCTYPE html PUBLIC "-//W3C//DTD XHTML 1.0 Transitional//EN"
    "http://www.w3.org/TR/xhtml1/DTD/xhtml1-transitional.dtd">
<html xmlns="http://www.w3.org/1999/xhtml" xml:lang="en" lang="en">
 <head>
  <title>
</title>
<meta http-equiv="Content-Type" content="text/html;charset=utf-8" />
  <meta name='ocr-system' content='tesseract 3.04.00' />
  <meta name='ocr-capabilities' content='ocr_page ocr_carea ocr_par ocr_line ocrx_word'/>
</head>
<body>
  <div class='ocr_page' id='page_1' title='image "./lesbiacorumlibe01plehgoog_0077.png"; bbox 0 0 2772 4684; ppageno 0'>
   <div class='ocr_carea' id='block_1_1' title="bbox 1050 303 1099 376">
    <p class='ocr_par' dir='ltr' id='par_1_1' title="bbox 1050 303 1099 376">
     <span class='ocr_line' id='line_1_1' title="bbox 1050 303 1099 376; baseline 0.02 -1"><span class='ocrx_word' id='word_1_1' title='bbox 1050 303 1099 376; x_wconf 78' lang='lat'><strong>65</strong></span> 
     </span>
    </p>
   </div>
   <div class='ocr_carea' id='block_1_2' title="bbox 15 477 1200 3590">
    <p class='ocr_par' dir='ltr' id='par_1_2' title="bbox 15 477 1200 2815">
     <span class='ocr_line' id='line_1_2' title="bbox 90 477 1100 580; baseline -0.016 -11"><span class='ocrx_word' id='word_1_2' title='bbox 90 477 224 574; x_wconf 74' lang='lat' dir='ltr'><strong>tasum,</strong></span> <span class='ocrx_word' id='word_1_3' title='bbox 248 485 290 566; x_wconf 83' lang='lat' dir='ltr'><strong>de</strong></span> <span class='ocrx_word' id='word_1_4' title='bbox 313 491 448 554; x_wconf 82' lang='lat' dir='ltr'><strong>nuvium</strong></span> <span class='ocrx_word' id='word_1_5' title='bbox 469 485 813 572; x_wconf 70' lang='lat' dir='ltr'><strong>Peloponnesiacum</strong></span> <span class='ocrx_word' id='word_1_6' title='bbox 828 492 966 560; x_wconf 82' lang='lat' dir='ltr'><strong>adventu</strong></span> <span class='ocrx_word' id='word_1_7' title='bbox 986 495 1100 580; x_wconf 75' lang='lat' dir='ltr'><strong>despo-</strong></span> 
     </span>
     <span class='ocr_line' id='line_1_3' title="bbox 91 583 1100 678; baseline -0.001 -29"><span class='ocrx_word' id='word_1_8' title='bbox 91 618 163 666; x_wconf 63' lang='lat' dir='ltr'><strong>fflng</strong></span> <span class='ocrx_word' id='word_1_9' title='bbox 179 589 183 592; x_wconf 80' lang='grc'><strong>’</strong></span> <span class='ocrx_word' id='word_1_10' title='bbox 200 587 338 678; x_wconf 70' lang='lat' dir='ltr'><strong>plebem,</strong></span> <span class='ocrx_word' id='word_1_11' title='bbox 371 606 453 673; x_wconf 87' lang='lat' dir='ltr'><strong>quae</strong></span> <span class='ocrx_word' id='word_1_12' title='bbox 480 583 546 650; x_wconf 86' lang='lat' dir='ltr'><strong>levi</strong></span> <span class='ocrx_word' id='word_1_13' title='bbox 574 595 734 650; x_wconf 86' lang='lat' dir='ltr'><strong>armatmn</strong></span> <span class='ocrx_word' id='word_1_14' title='bbox 755 585 918 676; x_wconf 80' lang='lat' dir='ltr'><strong>hucusque</strong></span> <span class='ocrx_word' id='word_1_15' title='bbox 945 611 1005 658; x_wconf 87' lang='lat' dir='ltr'><strong>ma</strong></span> <span class='ocrx_word' id='word_1_16' title='bbox 1029 593 1100 657; x_wconf 86' lang='lat' dir='ltr'><strong>lue.</strong></span> 
     </span>
     <span class='ocr_line' id='line_1_4' title="bbox 90 682 1101 778; baseline 0.003 -24"><span class='ocrx_word' id='word_1_17' title='bbox 90 709 154 772; x_wconf 65' lang='lat' dir='ltr'><strong>rat,</strong></span> <span class='ocrx_word' id='word_1_18' title='bbox 175 691 325 778; x_wconf 78' lang='lat' dir='ltr'><strong>graviore-</strong></span> <span class='ocrx_word' id='word_1_19' title='bbox 339 683 505 762; x_wconf 77' lang='lat' dir='ltr'><strong>instruxit,</strong></span> <span class='ocrx_word' id='word_1_20' title='bbox 524 695 560 745; x_wconf 91' lang='lat' dir='ltr'><strong>ut</strong></span> <span class='ocrx_word' id='word_1_21' title='bbox 582 703 681 770; x_wconf 82' lang='lat' dir='ltr'><strong>opera</strong></span> <span class='ocrx_word' id='word_1_22' title='bbox 700 682 787 753; x_wconf 82' lang='lat' dir='ltr'><strong>iliius</strong></span> <span class='ocrx_word' id='word_1_23' title='bbox 810 687 936 752; x_wconf 76' lang='lat' dir='ltr'><strong>edictus</strong></span> <span class='ocrx_word' id='word_1_24' title='bbox 955 689 1101 756; x_wconf 86' lang='lat' dir='ltr'><strong>inAthc·</strong></span> 
     </span>
     <span class='ocr_line' id='line_1_5' title="bbox 60 777 1200 869; baseline 0 -19"><span class='ocrx_word' id='word_1_25' title='bbox 60 845 63 850; x_wconf 92' lang='lat'>.</span> <span class='ocrx_word' id='word_1_26' title='bbox 93 795 224 856; x_wconf 87' lang='lat' dir='ltr'><strong>nienses</strong></span> <span class='ocrx_word' id='word_1_27' title='bbox 243 783 354 850; x_wconf 87' lang='lat' dir='ltr'><strong>urbem</strong></span> <span class='ocrx_word' id='word_1_28' title='bbox 375 779 559 845; x_wconf 77' lang='lat' dir='ltr'><strong>obsidentes</strong></span> <span class='ocrx_word' id='word_1_29' title='bbox 579 783 731 864; x_wconf 87' lang='lat' dir='ltr'><strong>impetum</strong></span> <span class='ocrx_word' id='word_1_30' title='bbox 752 797 889 869; x_wconf 84' lang='lat' dir='ltr'><strong>caperet.</strong></span> <span class='ocrx_word' id='word_1_31' title='bbox 932 785 1027 853; x_wconf 87' lang='lat' dir='ltr'><strong>Plebs</strong></span> <span class='ocrx_word' id='word_1_32' title='bbox 1047 810 1101 851; x_wconf 89' lang='lat' dir='ltr'><strong>ve·</strong></span> <span class='ocrx_word' id='word_1_33' title='bbox 1130 828 1134 841; x_wconf 87' lang='lat'><em>·</em></span> <span class='ocrx_word' id='word_1_34' title='bbox 1192 777 1200 809; x_wconf 65' lang='lat'>⁸</span> 
     </span>
     <span class='ocr_line' id='line_1_6' title="bbox 95 879 1102 972; baseline 0.004 -25"><span class='ocrx_word' id='word_1_35' title='bbox 95 911 145 966; x_wconf 80' lang='lat' dir='ltr'><strong>ro,</strong></span> <span class='ocrx_word' id='word_1_36' title='bbox 171 881 263 972; x_wconf 76' lang='lat' dir='ltr'><strong>simul</strong></span> <span class='ocrx_word' id='word_1_37' title='bbox 289 893 385 968; x_wconf 81' lang='lat' dir='ltr'><strong>atque</strong></span> <span class='ocrx_word' id='word_1_38' title='bbox 411 899 500 942; x_wconf 86' lang='lat' dir='ltr'><strong>arma</strong></span> <span class='ocrx_word' id='word_1_39' title='bbox 533 879 671 962; x_wconf 87' lang='lat' dir='ltr'><strong>aceepit,</strong></span> <span class='ocrx_word' id='word_1_40' title='bbox 704 881 890 964; x_wconf 85' lang='lat' dir='ltr'><strong>optimatmu</strong></span> <span class='ocrx_word' id='word_1_41' title='bbox 922 887 1102 971; x_wconf 88' lang='lat' dir='ltr'><strong>praeceptis</strong></span> 
     </span>
     <span class='ocr_line' id='line_1_7' title="bbox 96 973 1102 1066; baseline -0.002 -15"><span class='ocrx_word' id='word_1_42' title='bbox 96 973 260 1061; x_wconf 69' lang='lat' dir='ltr'><strong>adversetur</strong></span> <span class='ocrx_word' id='word_1_43' title='bbox 275 979 468 1042; x_wconf 85' lang='lat' dir='ltr'><strong>frumentum</strong></span> <span class='ocrx_word' id='word_1_44' title='bbox 493 975 629 1062; x_wconf 83' lang='lat' dir='ltr'><strong>preferri</strong></span> <span class='ocrx_word' id='word_1_45' title='bbox 649 975 857 1066; x_wconf 82' lang='lat' dir='ltr'><strong>omnibusque</strong></span> <span class='ocrx_word' id='word_1_46' title='bbox 874 981 1019 1048; x_wconf 75' lang='lat' dir='ltr'>distribui</span> <span class='ocrx_word' id='word_1_47' title='bbox 1035 985 1102 1048; x_wconf 90' lang='lat' dir='ltr'><strong>ius·</strong></span> 
     </span>
     <span class='ocr_line' id='line_1_8' title="bbox 96 1073 1102 1162; baseline -0.004 -14"><span class='ocrx_word' id='word_1_48' title='bbox 96 1085 137 1149; x_wconf 84' lang='lat' dir='ltr'><strong>sit</strong></span> <span class='ocrx_word' id='word_1_49' title='bbox 161 1091 193 1144; x_wconf 86' lang='lat' dir='ltr'><strong>et</strong></span> <span class='ocrx_word' id='word_1_50' title='bbox 219 1079 285 1162; x_wconf 83' lang='lat' dir='ltr'><strong>nisi</strong></span> <span class='ocrx_word' id='word_1_51' title='bbox 310 1073 345 1140; x_wconf 92' lang='lat' dir='ltr'><strong>id</strong></span> <span class='ocrx_word' id='word_1_52' title='bbox 365 1073 458 1140; x_wconf 86' lang='lat' dir='ltr'><strong>fieret</strong></span> <span class='ocrx_word' id='word_1_53' title='bbox 478 1096 514 1138; x_wconf 88' lang='lat' dir='ltr'><strong>se</strong></span> <span class='ocrx_word' id='word_1_54' title='bbox 531 1075 644 1158; x_wconf 80' lang='lat' dir='ltr'>ipsam,</span> <span class='ocrx_word' id='word_1_55' title='bbox 667 1075 815 1157; x_wconf 78' lang='lat' dir='ltr'><strong>pactione</strong></span> <span class='ocrx_word' id='word_1_56' title='bbox 835 1098 907 1142; x_wconf 89' lang='lat' dir='ltr'><strong>cnm</strong></span> <span class='ocrx_word' id='word_1_57' title='bbox 924 1079 1102 1146; x_wconf 88' lang='lat' dir='ltr'><strong>Athenien·</strong></span> 
     </span>
     <span class='ocr_line' id='line_1_9' title="bbox 94 1170 1102 1262; baseline -0.001 -19"><span class='ocrx_word' id='word_1_58' title='bbox 94 1176 182 1244; x_wconf 89' lang='lat' dir='ltr'><strong>sibus</strong></span> <span class='ocrx_word' id='word_1_59' title='bbox 197 1175 296 1252; x_wconf 80' lang='lat' dir='ltr'><strong>facta,</strong></span> <span class='ocrx_word' id='word_1_60' title='bbox 308 1171 420 1238; x_wconf 89' lang='lat' dir='ltr'><strong>urbem</strong></span> <span class='ocrx_word' id='word_1_61' title='bbox 439 1170 509 1236; x_wconf 90' lang='lat' dir='ltr'><strong>illis</strong></span> <span class='ocrx_word' id='word_1_62' title='bbox 521 1170 706 1236; x_wconf 73' lang='lat' dir='ltr'><strong>numanam</strong></span> <span class='ocrx_word' id='word_1_63' title='bbox 721 1172 866 1256; x_wconf 87' lang='lat' dir='ltr'><strong>professa</strong></span> <span class='ocrx_word' id='word_1_64' title='bbox 885 1176 1027 1262; x_wconf 77' lang='lat' dir='ltr'><strong>est.¹³³)</strong></span> <span class='ocrx_word' id='word_1_65' title='bbox 1063 1177 1102 1242; x_wconf 87' lang='lat' dir='ltr'><strong>Ia</strong></span> 
     </span>
     <span class='ocr_line' id='line_1_10' title="bbox 92 1255 1102 1360; baseline -0.001 -21"><span class='ocrx_word' id='word_1_66' title='bbox 92 1274 154 1340; x_wconf 86' lang='lat' dir='ltr'><strong>has</strong></span> <span class='ocrx_word' id='word_1_67' title='bbox 185 1255 313 1336; x_wconf 82' lang='lat' dir='ltr'><strong>adducti</strong></span> <span class='ocrx_word' id='word_1_68' title='bbox 342 1269 506 1356; x_wconf 77' lang='lat' dir='ltr'><strong>angustius</strong></span> <span class='ocrx_word' id='word_1_69' title='bbox 534 1269 701 1353; x_wconf 79' lang='lat' dir='ltr'><strong>optimates</strong></span> <span class='ocrx_word' id='word_1_70' title='bbox 725 1290 791 1334; x_wconf 91' lang='lat' dir='ltr'><strong>una</strong></span> <span class='ocrx_word' id='word_1_71' title='bbox 816 1293 888 1338; x_wconf 91' lang='lat' dir='ltr'><strong>cum</strong></span> <span class='ocrx_word' id='word_1_72' title='bbox 914 1271 1008 1360; x_wconf 87' lang='lat' dir='ltr'><strong>plebe</strong></span> <span class='ocrx_word' id='word_1_73' title='bbox 1028 1295 1102 1338; x_wconf 88' lang='lat' dir='ltr'><strong>sese</strong></span> 
     </span>
     <span class='ocr_line' id='line_1_11' title="bbox 94 1365 1102 1459; baseline 0.001 -22"><span class='ocrx_word' id='word_1_74' title='bbox 94 1371 226 1438; x_wconf 81' lang='lat' dir='ltr'><strong>tradunt</strong></span> <span class='ocrx_word' id='word_1_75' title='bbox 255 1367 350 1433; x_wconf 89' lang='lat' dir='ltr'><strong>hosti.</strong></span> <span class='ocrx_word' id='word_1_76' title='bbox 404 1365 649 1432; x_wconf 77' lang='lat' dir='ltr'><strong>Atheniensium</strong></span> <span class='ocrx_word' id='word_1_77' title='bbox 679 1366 797 1453; x_wconf 89' lang='lat' dir='ltr'><strong>populo</strong></span> <span class='ocrx_word' id='word_1_78' title='bbox 824 1371 864 1434; x_wconf 91' lang='lat' dir='ltr'><strong>de</strong></span> <span class='ocrx_word' id='word_1_79' title='bbox 889 1369 1018 1436; x_wconf 87' lang='lat' dir='ltr'><strong>Lesbiis</strong></span> <span class='ocrx_word' id='word_1_80' title='bbox 1043 1395 1102 1459; x_wconf 91' lang='lat' dir='ltr'><strong>pro</strong></span> 
     </span>
     <span class='ocr_line' id='line_1_12' title="bbox 96 1463 1103 1549; baseline 0.002 -16"><span class='ocrx_word' id='word_1_81' title='bbox 96 1467 257 1540; x_wconf 76' lang='lat' dir='ltr'><strong>voluntate</strong></span> <span class='ocrx_word' id='word_1_82' title='bbox 279 1463 467 1530; x_wconf 88' lang='lat' dir='ltr'><strong>consulendi</strong></span> <span class='ocrx_word' id='word_1_83' title='bbox 491 1475 682 1549; x_wconf 83' lang='lat' dir='ltr'><strong>potestatem</strong></span> <span class='ocrx_word' id='word_1_84' title='bbox 707 1465 819 1530; x_wconf 88' lang='lat' dir='ltr'><strong>dantes</strong></span> <span class='ocrx_word' id='word_1_85' title='bbox 837 1467 986 1534; x_wconf 87' lang='lat' dir='ltr'><strong>Pachetis</strong></span> <span class='ocrx_word' id='word_1_86' title='bbox 1008 1489 1103 1536; x_wconf 85' lang='lat' dir='ltr'><strong>exer·</strong></span> 
     </span>
     <span class='ocr_line' id='line_1_13' title="bbox 96 1557 1104 1648; baseline 0 -17"><span class='ocrx_word' id='word_1_87' title='bbox 96 1568 191 1631; x_wconf 89' lang='lat' dir='ltr'><strong>citum</strong></span> <span class='ocrx_word' id='word_1_88' title='bbox 211 1583 322 1628; x_wconf 88' lang='lat' dir='ltr'><strong>mense</strong></span> <span class='ocrx_word' id='word_1_89' title='bbox 340 1561 445 1648; x_wconf 82' lang='lat' dir='ltr'><strong>Aprili</strong></span> <span class='ocrx_word' id='word_1_90' title='bbox 463 1563 499 1626; x_wconf 91' lang='lat' dir='ltr'><strong>in</strong></span> <span class='ocrx_word' id='word_1_91' title='bbox 517 1557 628 1624; x_wconf 90' lang='lat' dir='ltr'><strong>urbem</strong></span> <span class='ocrx_word' id='word_1_92' title='bbox 645 1563 897 1628; x_wconf 79' lang='lat' dir='ltr'><strong>intromiserunt.</strong></span> <span class='ocrx_word' id='word_1_93' title='bbox 934 1564 1036 1630; x_wconf 85' lang='lat' dir='ltr'><strong>Simul</strong></span> <span class='ocrx_word' id='word_1_94' title='bbox 1055 1565 1104 1632; x_wconf 86' lang='lat' dir='ltr'><strong>le·</strong></span> 
     </span>
     <span class='ocr_line' id='line_1_14' title="bbox 92 1657 1104 1750; baseline -0.002 -22"><span class='ocrx_word' id='word_1_95' title='bbox 92 1665 162 1750; x_wconf 82' lang='lat' dir='ltr'><strong>gati</strong></span> <span class='ocrx_word' id='word_1_96' title='bbox 189 1658 346 1744; x_wconf 76' lang='lat' dir='ltr'><strong>Mytilene</strong></span> <span class='ocrx_word' id='word_1_97' title='bbox 373 1657 518 1732; x_wconf 84' lang='lat' dir='ltr'><strong>Athenas</strong></span> <span class='ocrx_word' id='word_1_98' title='bbox 538 1658 671 1742; x_wconf 83' lang='lat' dir='ltr'><strong>proiecti</strong></span> <span class='ocrx_word' id='word_1_99' title='bbox 689 1671 781 1739; x_wconf 89' lang='lat' dir='ltr'><strong>sunt,</strong></span> <span class='ocrx_word' id='word_1_100' title='bbox 808 1683 880 1726; x_wconf 91' lang='lat' dir='ltr'><strong>oum</strong></span> <span class='ocrx_word' id='word_1_101' title='bbox 897 1660 1104 1728; x_wconf 81' lang='lat' dir='ltr'><strong>Atheniensi·</strong></span> 
     </span>
     <span class='ocr_line' id='line_1_15' title="bbox 91 1751 1105 1846; baseline -0.001 -19"><span class='ocrx_word' id='word_1_102' title='bbox 91 1762 156 1827; x_wconf 89' lang='lat' dir='ltr'><strong>bus</strong></span> <span class='ocrx_word' id='word_1_103' title='bbox 182 1757 223 1822; x_wconf 94' lang='lat' dir='ltr'><strong>de</strong></span> <span class='ocrx_word' id='word_1_104' title='bbox 246 1753 439 1820; x_wconf 87' lang='lat' dir='ltr'><strong>Lesbiorum</strong></span> <span class='ocrx_word' id='word_1_105' title='bbox 459 1751 556 1818; x_wconf 89' lang='lat' dir='ltr'><strong>rebus</strong></span> <span class='ocrx_word' id='word_1_106' title='bbox 584 1759 694 1820; x_wconf 86' lang='lat' dir='ltr'><strong>acturi.</strong></span> <span class='ocrx_word' id='word_1_107' title='bbox 713 1831 719 1846; x_wconf 33' lang='lat'>⁸</span> <span class='ocrx_word' id='word_1_108' title='bbox 741 1755 791 1821; x_wconf 87' lang='lat' dir='ltr'><strong>illi</strong></span> <span class='ocrx_word' id='word_1_109' title='bbox 813 1758 915 1823; x_wconf 91' lang='lat' dir='ltr'><strong>donec</strong></span> <span class='ocrx_word' id='word_1_110' title='bbox 934 1760 1105 1828; x_wconf 85' lang='lat' dir='ltr'><strong>rediissent</strong></span> 
     </span>
     <span class='ocr_line' id='line_1_16' title="bbox 94 1839 1103 1945; baseline -0.001 -22"><span class='ocrx_word' id='word_1_111' title='bbox 94 1881 135 1923; x_wconf 82' lang='lat' dir='ltr'><strong>se</strong></span> <span class='ocrx_word' id='word_1_112' title='bbox 163 1839 430 1938; x_wconf 77' lang='lat' dir='ltr'><strong>Mytilenaeorum</strong></span> <span class='ocrx_word' id='word_1_113' title='bbox 457 1850 578 1916; x_wconf 88' lang='lat' dir='ltr'><strong>nullum</strong></span> <span class='ocrx_word' id='word_1_114' title='bbox 598 1874 701 1941; x_wconf 90' lang='lat' dir='ltr'><strong>neque</strong></span> <span class='ocrx_word' id='word_1_115' title='bbox 723 1856 923 1925; x_wconf 88' lang='lat' dir='ltr'><strong>venditurum</strong></span> <span class='ocrx_word' id='word_1_116' title='bbox 944 1878 1048 1945; x_wconf 88' lang='lat' dir='ltr'><strong>neque</strong></span> <span class='ocrx_word' id='word_1_117' title='bbox 1068 1862 1103 1922; x_wconf 90' lang='lat' dir='ltr'><strong>in</strong></span> 
     </span>
     <span class='ocr_line' id='line_1_17' title="bbox 94 1946 1104 2042; baseline 0.002 -23"><span class='ocrx_word' id='word_1_118' title='bbox 94 1952 226 2022; x_wconf 87' lang='lat' dir='ltr'><strong>vincula</strong></span> <span class='ocrx_word' id='word_1_119' title='bbox 255 1953 469 2016; x_wconf 88' lang='lat' dir='ltr'><strong>coniecturum</strong></span> <span class='ocrx_word' id='word_1_120' title='bbox 495 1969 598 2036; x_wconf 90' lang='lat' dir='ltr'><strong>neque</strong></span> <span class='ocrx_word' id='word_1_121' title='bbox 623 1952 860 2020; x_wconf 87' lang='lat' dir='ltr'><strong>interlectmum</strong></span> <span class='ocrx_word' id='word_1_122' title='bbox 886 1946 1009 2020; x_wconf 84' lang='lat' dir='ltr'><strong>Pa&#39;ches</strong></span> <span class='ocrx_word' id='word_1_123' title='bbox 1030 1978 1104 2042; x_wconf 85' lang='lat' dir='ltr'><strong>pro·</strong></span> 
     </span>
     <span class='ocr_line' id='line_1_18' title="bbox 92 2044 1105 2139; baseline -0.004 -18"><span class='ocrx_word' id='word_1_124' title='bbox 92 2056 236 2121; x_wconf 77' lang='lat' dir='ltr'><strong>miserat.</strong></span> <span class='ocrx_word' id='word_1_125' title='bbox 284 2044 501 2112; x_wconf 83' lang='lat' dir='ltr'><strong>Nihilominus</strong></span> <span class='ocrx_word' id='word_1_126' title='bbox 533 2050 558 2110; x_wconf 92' lang='lat' dir='ltr'><strong>ii</strong></span> <span class='ocrx_word' id='word_1_127' title='bbox 587 2069 631 2110; x_wconf 86' lang='lat' dir='ltr'><strong>ex</strong></span> <span class='ocrx_word' id='word_1_128' title='bbox 653 2046 921 2130; x_wconf 78' lang='lat' dir='ltr'><strong>Mytilenaeorum</strong></span> <span class='ocrx_word' id='word_1_129' title='bbox 948 2055 1105 2139; x_wconf 83' lang='lat' dir='ltr'><strong>optimati·</strong></span> 
     </span>
     <span class='ocr_line' id='line_1_19' title="bbox 91 2144 1124 2236; baseline 0 -28"><span class='ocrx_word' id='word_1_130' title='bbox 91 2150 174 2226; x_wconf 78' lang='lat' dir='ltr'><strong>bus,</strong></span> <span class='ocrx_word' id='word_1_131' title='bbox 201 2148 257 2232; x_wconf 83' lang='lat' dir='ltr'><strong>qui</strong></span> <span class='ocrx_word' id='word_1_132' title='bbox 283 2144 473 2208; x_wconf 85' lang='lat' dir='ltr'><strong>delectionis</strong></span> <span class='ocrx_word' id='word_1_133' title='bbox 500 2158 646 2209; x_wconf 89' lang='lat' dir='ltr'><strong>auctores</strong></span> <span class='ocrx_word' id='word_1_134' title='bbox 669 2149 829 2231; x_wconf 82' lang='lat' dir='ltr'><strong>principes</strong></span> <span class='ocrx_word' id='word_1_135' title='bbox 855 2149 999 2227; x_wconf 87' lang='lat' dir='ltr'><strong>fuerant,</strong></span> <span class='ocrx_word' id='word_1_136' title='bbox 1031 2171 1124 2236; x_wconf 26' lang='lat' dir='ltr'><strong>pro-l</strong></span> 
     </span>
     <span class='ocr_line' id='line_1_20' title="bbox 92 2240 1106 2327; baseline -0.002 -14"><span class='ocrx_word' id='word_1_137' title='bbox 92 2250 197 2315; x_wconf 85' lang='lat' dir='ltr'><strong>misso</strong></span> <span class='ocrx_word' id='word_1_138' title='bbox 225 2241 400 2308; x_wconf 85' lang='lat' dir='ltr'><strong>aPachetc</strong></span> <span class='ocrx_word' id='word_1_139' title='bbox 419 2243 497 2327; x_wconf 91' lang='lat' dir='ltr'><strong>ipsis</strong></span> <span class='ocrx_word' id='word_1_140' title='bbox 520 2241 604 2305; x_wconf 83' lang='lat' dir='ltr'><strong>iacto</strong></span> <span class='ocrx_word' id='word_1_141' title='bbox 624 2240 722 2306; x_wconf 88' lang='lat' dir='ltr'><strong>fidem</strong></span> <span class='ocrx_word' id='word_1_142' title='bbox 742 2241 861 2306; x_wconf 90' lang='lat' dir='ltr'><strong>nullam</strong></span> <span class='ocrx_word' id='word_1_143' title='bbox 880 2242 1045 2324; x_wconf 89' lang='lat' dir='ltr'><strong>hahentes,</strong></span> <span class='ocrx_word' id='word_1_144' title='bbox 1065 2247 1106 2311; x_wconf 90' lang='lat' dir='ltr'><strong>ad</strong></span> 
     </span>
     <span class='ocr_line' id='line_1_21' title="bbox 94 2337 1106 2414; baseline -0.002 -6"><span class='ocrx_word' id='word_1_145' title='bbox 94 2363 172 2408; x_wconf 84' lang='lat' dir='ltr'><strong>aras</strong></span> <span class='ocrx_word' id='word_1_146' title='bbox 207 2340 341 2406; x_wconf 90' lang='lat' dir='ltr'><strong>deorum</strong></span> <span class='ocrx_word' id='word_1_147' title='bbox 373 2341 518 2404; x_wconf 82' lang='lat' dir='ltr'><strong>exercitu</strong></span> <span class='ocrx_word' id='word_1_148' title='bbox 542 2338 786 2406; x_wconf 79' lang='lat' dir='ltr'><strong>Atheniensium</strong></span> <span class='ocrx_word' id='word_1_149' title='bbox 826 2337 938 2405; x_wconf 91' lang='lat' dir='ltr'><strong>urbem</strong></span> <span class='ocrx_word' id='word_1_150' title='bbox 967 2343 1106 2414; x_wconf 82' lang='lat' dir='ltr'><strong>intrante</strong></span> 
     </span>
     <span class='ocr_line' id='line_1_22' title="bbox 15 2434 1108 2526; baseline 0 -22"><span class='ocrx_word' id='word_1_151' title='bbox 15 2493 19 2504; x_wconf 89' lang='lat'>.</span> <span class='ocrx_word' id='word_1_152' title='bbox 93 2439 319 2524; x_wconf 80' lang='lat' dir='ltr'><strong>confugerunt.</strong></span> <span class='ocrx_word' id='word_1_153' title='bbox 365 2434 487 2500; x_wconf 85' lang='lat' dir='ltr'><strong>Paehcs</strong></span> <span class='ocrx_word' id='word_1_154' title='bbox 507 2459 596 2515; x_wconf 84' lang='lat' dir='ltr'><strong>vero,</strong></span> <span class='ocrx_word' id='word_1_155' title='bbox 620 2450 786 2525; x_wconf 87' lang='lat' dir='ltr'><strong>postquam</strong></span> <span class='ocrx_word' id='word_1_156' title='bbox 812 2459 868 2502; x_wconf 88' lang='lat' dir='ltr'><strong>ecs</strong></span> <span class='ocrx_word' id='word_1_157' title='bbox 898 2441 988 2504; x_wconf 89' lang='lat' dir='ltr'><strong>utin</strong></span> <span class='ocrx_word' id='word_1_158' title='bbox 1008 2441 1108 2526; x_wconf 88' lang='lat' dir='ltr'><strong>ipsius</strong></span> 
     </span>
     <span class='ocr_line' id='line_1_23' title="bbox 91 2533 1107 2624; baseline -0.003 -21"><span class='ocrx_word' id='word_1_159' title='bbox 91 2548 290 2624; x_wconf 84' lang='lat' dir='ltr'><strong>potestatem</strong></span> <span class='ocrx_word' id='word_1_160' title='bbox 324 2554 395 2598; x_wconf 84' lang='lat' dir='ltr'><strong>sese</strong></span> <span class='ocrx_word' id='word_1_161' title='bbox 421 2537 639 2619; x_wconf 88' lang='lat' dir='ltr'><strong>permitterent</strong></span> <span class='ocrx_word' id='word_1_162' title='bbox 658 2537 847 2614; x_wconf 82' lang='lat' dir='ltr'><strong>adduxerat,</strong></span> <span class='ocrx_word' id='word_1_163' title='bbox 868 2537 902 2600; x_wconf 90' lang='lat' dir='ltr'><strong>in</strong></span> <span class='ocrx_word' id='word_1_164' title='bbox 939 2533 1107 2601; x_wconf 85' lang='lat' dir='ltr'><strong>Tenedum</strong></span> 
     </span>
     <span class='ocr_line' id='line_1_24' title="bbox 93 2629 1107 2720; baseline -0.002 -21"><span class='ocrx_word' id='word_1_165' title='bbox 93 2633 237 2699; x_wconf 86' lang='lat' dir='ltr'><strong>insulam</strong></span> <span class='ocrx_word' id='word_1_166' title='bbox 264 2629 369 2698; x_wconf 78' lang='lat' dir='ltr'><strong>salvos</strong></span> <span class='ocrx_word' id='word_1_167' title='bbox 397 2630 559 2704; x_wconf 78' lang='lat' dir='ltr'><strong>transvehi</strong></span> <span class='ocrx_word' id='word_1_168' title='bbox 579 2635 681 2712; x_wconf 85' lang='lat' dir='ltr'><strong>iussit,</strong></span> <span class='ocrx_word' id='word_1_169' title='bbox 704 2655 765 2720; x_wconf 90' lang='lat' dir='ltr'><strong>quo</strong></span> <span class='ocrx_word' id='word_1_170' title='bbox 784 2634 869 2698; x_wconf 85' lang='lat' dir='ltr'><strong>facto</strong></span> <span class='ocrx_word' id='word_1_171' title='bbox 889 2633 1052 2700; x_wconf 82' lang='lat' dir='ltr'><strong>Antissam</strong></span> <span class='ocrx_word' id='word_1_172' title='bbox 1073 2638 1107 2698; x_wconf 92' lang='lat' dir='ltr'><strong>in</strong></span> 
     </span>
     <span class='ocr_line' id='line_1_25' title="bbox 93 2717 896 2815; baseline -0.005 -17"><span class='ocrx_word' id='word_1_173' title='bbox 93 2732 343 2798; x_wconf 85' lang='lat' dir='ltr'><strong>Atheniensium</strong></span> <span class='ocrx_word' id='word_1_174' title='bbox 364 2728 461 2794; x_wconf 90' lang='lat' dir='ltr'><strong>fidem</strong></span> <span class='ocrx_word' id='word_1_175' title='bbox 478 2729 692 2815; x_wconf 78' lang='lat' dir='ltr'><strong>recepit¹³⁴)</strong></span> <span class='ocrx_word' id='word_1_176' title='bbox 759 2731 762 2736; x_wconf 80' lang='lat'>&#39;</span> <span class='ocrx_word' id='word_1_177' title='bbox 893 2717 896 2724; x_wconf 44' lang='lat'><strong>⁴</strong></span> 
     </span>
    </p>

    <p class='ocr_par' dir='ltr' id='par_1_3' title="bbox 81 2815 1177 3590">
     <span class='ocr_line' id='line_1_26' title="bbox 183 2815 1177 2912; baseline -0.003 -20"><span class='ocrx_word' id='word_1_178' title='bbox 183 2826 272 2892; x_wconf 89' lang='lat' dir='ltr'><strong>Dum</strong></span> <span class='ocrx_word' id='word_1_179' title='bbox 297 2827 379 2911; x_wconf 82' lang='lat' dir='ltr'><strong>haec</strong></span> <span class='ocrx_word' id='word_1_180' title='bbox 407 2830 443 2892; x_wconf 93' lang='lat' dir='ltr'><strong>in</strong></span> <span class='ocrx_word' id='word_1_181' title='bbox 460 2825 569 2890; x_wconf 89' lang='lat' dir='ltr'><strong>Lesbo</strong></span> <span class='ocrx_word' id='word_1_182' title='bbox 591 2839 776 2910; x_wconf 85' lang='lat' dir='ltr'><strong>gererentur</strong></span> <span class='ocrx_word' id='word_1_183' title='bbox 795 2825 1021 2912; x_wconf 88' lang='lat' dir='ltr'><strong>Peloponnesii</strong></span> <span class='ocrx_word' id='word_1_184' title='bbox 1038 2846 1109 2889; x_wconf 91' lang='lat' dir='ltr'><strong>oum</strong></span> <span class='ocrx_word' id='word_1_185' title='bbox 1173 2815 1177 2838; x_wconf 83' lang='lat'>¹</span> 
     </span>
     <span class='ocr_line' id='line_1_27' title="bbox 100 2917 1109 3012; baseline -0.003 -24"><span class='ocrx_word' id='word_1_186' title='bbox 100 2917 238 2988; x_wconf 86' lang='lat' dir='ltr'><strong>navibus</strong></span> <span class='ocrx_word' id='word_1_187' title='bbox 259 2925 467 3012; x_wconf 82' lang='lat' dir='ltr'><strong>quadraginta</strong></span> <span class='ocrx_word' id='word_1_188' title='bbox 489 2921 622 3001; x_wconf 89' lang='lat' dir='ltr'><strong>duabus,</strong></span> <span class='ocrx_word' id='word_1_189' title='bbox 646 2930 682 2985; x_wconf 88' lang='lat' dir='ltr'><strong>ut</strong></span> <span class='ocrx_word' id='word_1_190' title='bbox 699 2935 794 2985; x_wconf 89' lang='lat' dir='ltr'><strong>antea</strong></span> <span class='ocrx_word' id='word_1_191' title='bbox 814 2923 964 3001; x_wconf 88' lang='lat' dir='ltr'><strong>diximus,</strong></span> <span class='ocrx_word' id='word_1_192' title='bbox 981 2921 1109 3006; x_wconf 86' lang='lat' dir='ltr'><strong>Mytile-</strong></span> 
     </span>
     <span class='ocr_line' id='line_1_28' title="bbox 95 3017 1111 3102; baseline -0.003 -18"><span class='ocrx_word' id='word_1_193' title='bbox 95 3041 166 3084; x_wconf 89' lang='lat' dir='ltr'><strong>nen</strong></span> <span class='ocrx_word' id='word_1_194' title='bbox 189 3022 298 3098; x_wconf 86' lang='lat' dir='ltr'><strong>missi,</strong></span> <span class='ocrx_word' id='word_1_195' title='bbox 319 3023 435 3084; x_wconf 85' lang='lat' dir='ltr'><strong>itinere</strong></span> <span class='ocrx_word' id='word_1_196' title='bbox 462 3021 631 3085; x_wconf 88' lang='lat' dir='ltr'><strong>admodum</strong></span> <span class='ocrx_word' id='word_1_197' title='bbox 649 3019 738 3084; x_wconf 86' lang='lat' dir='ltr'><strong>tarde</strong></span> <span class='ocrx_word' id='word_1_198' title='bbox 762 3019 863 3095; x_wconf 85' lang='lat' dir='ltr'><strong>facto,</strong></span> <span class='ocrx_word' id='word_1_199' title='bbox 881 3017 1056 3102; x_wconf 85' lang='lat' dir='ltr'><strong>Myconum</strong></span> <span class='ocrx_word' id='word_1_200' title='bbox 1079 3031 1111 3082; x_wconf 86' lang='lat' dir='ltr'><strong>et</strong></span> 
     </span>
     <span class='ocr_line' id='line_1_29' title="bbox 93 3109 1145 3204; baseline -0.01 -18"><span class='ocrx_word' id='word_1_201' title='bbox 93 3116 225 3186; x_wconf 79' lang='lat' dir='ltr'><strong>Icarum</strong></span> <span class='ocrx_word' id='word_1_202' title='bbox 250 3130 465 3204; x_wconf 83' lang='lat' dir='ltr'><strong>pervenerunt</strong></span> <span class='ocrx_word' id='word_1_203' title='bbox 483 3117 590 3204; x_wconf 88' lang='lat' dir='ltr'><strong>ibique</strong></span> <span class='ocrx_word' id='word_1_204' title='bbox 613 3118 652 3181; x_wconf 94' lang='lat' dir='ltr'><strong>de</strong></span> <span class='ocrx_word' id='word_1_205' title='bbox 671 3116 826 3200; x_wconf 87' lang='lat' dir='ltr'><strong>Mytilene</strong></span> <span class='ocrx_word' id='word_1_206' title='bbox 847 3115 888 3180; x_wconf 89' lang='lat' dir='ltr'><strong>ab</strong></span> <span class='ocrx_word' id='word_1_207' title='bbox 906 3109 1145 3180; x_wconf 62' lang='lat' dir='ltr'><strong>Atheniense&amp;</strong></span> 
     </span>
     <span class='ocr_line' id='line_1_30' title="bbox 81 3211 1111 3301; baseline -0.007 -19"><span class='ocrx_word' id='word_1_208' title='bbox 81 3211 163 3282; x_wconf 81' lang='lat' dir='ltr'><strong>bus</strong></span> <span class='ocrx_word' id='word_1_209' title='bbox 191 3227 284 3301; x_wconf 84' lang='lat' dir='ltr'><strong>capta</strong></span> <span class='ocrx_word' id='word_1_210' title='bbox 311 3217 448 3300; x_wconf 89' lang='lat' dir='ltr'><strong>primum</strong></span> <span class='ocrx_word' id='word_1_211' title='bbox 477 3237 628 3300; x_wconf 89' lang='lat' dir='ltr'><strong>accepere</strong></span> <span class='ocrx_word' id='word_1_212' title='bbox 659 3220 822 3294; x_wconf 89' lang='lat' dir='ltr'><strong>nuntium,</strong></span> <span class='ocrx_word' id='word_1_213' title='bbox 850 3217 902 3281; x_wconf 91' lang='lat' dir='ltr'><strong>cui</strong></span> <span class='ocrx_word' id='word_1_214' title='bbox 930 3211 1111 3277; x_wconf 90' lang='lat' dir='ltr'><strong>fidemnon</strong></span> 
     </span>
     <span class='ocr_line' id='line_1_31' title="bbox 91 3303 1112 3400; baseline -0.002 -26"><span class='ocrx_word' id='word_1_215' title='bbox 91 3303 258 3384; x_wconf 74' lang='lat' dir='ltr'><strong>habentes</strong></span> <span class='ocrx_word' id='word_1_216' title='bbox 278 3309 447 3376; x_wconf 88' lang='lat' dir='ltr'><strong>Embatum</strong></span> <span class='ocrx_word' id='word_1_217' title='bbox 465 3314 535 3396; x_wconf 84' lang='lat' dir='ltr'><strong>agri</strong></span> <span class='ocrx_word' id='word_1_218' title='bbox 554 3312 722 3396; x_wconf 86' lang='lat' dir='ltr'><strong>Erythraei</strong></span> <span class='ocrx_word' id='word_1_219' title='bbox 734 3335 852 3400; x_wconf 85' lang='lat' dir='ltr'><strong>pagum</strong></span> <span class='ocrx_word' id='word_1_220' title='bbox 870 3313 1112 3396; x_wconf 83' lang='lat' dir='ltr'><strong>navigaverunt.</strong></span> 
     </span>
     <span class='ocr_line' id='line_1_32' title="bbox 93 3407 1113 3496; baseline 0 -24"><span class='ocrx_word' id='word_1_221' title='bbox 93 3407 181 3474; x_wconf 88' lang='lat' dir='ltr'><strong>Illuc</strong></span> <span class='ocrx_word' id='word_1_222' title='bbox 202 3431 276 3474; x_wconf 86' lang='lat' dir='ltr'><strong>eum</strong></span> <span class='ocrx_word' id='word_1_223' title='bbox 301 3423 424 3496; x_wconf 86' lang='lat' dir='ltr'><strong>septem</strong></span> <span class='ocrx_word' id='word_1_224' title='bbox 451 3410 519 3474; x_wconf 87' lang='lat' dir='ltr'><strong>lere</strong></span> <span class='ocrx_word' id='word_1_225' title='bbox 544 3424 618 3495; x_wconf 88' lang='lat' dir='ltr'><strong>post</strong></span> <span class='ocrx_word' id='word_1_226' title='bbox 645 3423 768 3496; x_wconf 85' lang='lat' dir='ltr'><strong>captam</strong></span> <span class='ocrx_word' id='word_1_227' title='bbox 792 3409 902 3474; x_wconf 92' lang='lat' dir='ltr'><strong>urbem</strong></span> <span class='ocrx_word' id='word_1_228' title='bbox 927 3407 1038 3473; x_wconf 91' lang='lat' dir='ltr'><strong>diebus</strong></span> <span class='ocrx_word' id='word_1_229' title='bbox 1058 3408 1113 3472; x_wconf 92' lang='lat' dir='ltr'><strong>de·</strong></span> 
     </span>
     <span class='ocr_line' id='line_1_33' title="bbox 91 3503 1172 3590; baseline 0.002 -22"><span class='ocrx_word' id='word_1_230' title='bbox 91 3503 159 3568; x_wconf 80' lang='lat' dir='ltr'><strong>lati</strong></span> <span class='ocrx_word' id='word_1_231' title='bbox 182 3518 292 3569; x_wconf 88' lang='lat' dir='ltr'><strong>essent</strong></span> <span class='ocrx_word' id='word_1_232' title='bbox 315 3520 347 3570; x_wconf 92' lang='lat' dir='ltr'><strong>et</strong></span> <span class='ocrx_word' id='word_1_233' title='bbox 373 3529 446 3572; x_wconf 87' lang='lat' dir='ltr'><strong>sero</strong></span> <span class='ocrx_word' id='word_1_234' title='bbox 476 3529 511 3572; x_wconf 91' lang='lat' dir='ltr'><strong>se</strong></span> <span class='ocrx_word' id='word_1_235' title='bbox 533 3504 738 3590; x_wconf 89' lang='lat' dir='ltr'><strong>Mytilenaeis</strong></span> <span class='ocrx_word' id='word_1_236' title='bbox 756 3507 879 3572; x_wconf 85' lang='lat' dir='ltr'><strong>auxilio</strong></span> <span class='ocrx_word' id='word_1_237' title='bbox 897 3509 1006 3570; x_wconf 88' lang='lat' dir='ltr'><strong>venire</strong></span> <span class='ocrx_word' id='word_1_238' title='bbox 1028 3527 1113 3571; x_wconf 88' lang='lat' dir='ltr'><strong>com·</strong></span> <span class='ocrx_word' id='word_1_239' title='bbox 1168 3543 1172 3550; x_wconf 90' lang='lat'>·</span> 
     </span>
    </p>
   </div>
   <div class='ocr_carea' id='block_1_3' title="bbox 91 3603 1246 3691">
    <p class='ocr_par' dir='ltr' id='par_1_4' title="bbox 91 3603 1246 3691">
     <span class='ocr_line' id='line_1_34' title="bbox 91 3603 1246 3691; baseline 0.003 -28"><span class='ocrx_word' id='word_1_240' title='bbox 91 3603 283 3685; x_wconf 85' lang='lat' dir='ltr'><strong>perissent,</strong></span> <span class='ocrx_word' id='word_1_241' title='bbox 309 3603 441 3670; x_wconf 81' lang='lat' dir='ltr'><strong>Alcides</strong></span> <span class='ocrx_word' id='word_1_242' title='bbox 458 3604 762 3690; x_wconf 87' lang='lat' dir='ltr'><strong>Peloponnesiorum</strong></span> <span class='ocrx_word' id='word_1_243' title='bbox 781 3605 960 3691; x_wconf 84' lang='lat' dir='ltr'><strong>praelectus</strong></span> <span class='ocrx_word' id='word_1_244' title='bbox 981 3603 1121 3670; x_wconf 82' lang='lat' dir='ltr'><strong>consilio·</strong></span> <span class='ocrx_word' id='word_1_245' title='bbox 1244 3635 1246 3646; x_wconf 93' lang='lat'><em>·</em></span> 
     </span>
    </p>
   </div>
   <div class='ocr_carea' id='block_1_4' title="bbox 93 3695 1115 3808">
    <p class='ocr_par' dir='ltr' id='par_1_5' title="bbox 93 3695 1115 3808">
     <span class='ocr_line' id='line_1_35' title="bbox 93 3695 1115 3808; baseline 0.003 -49"><span class='ocrx_word' id='word_1_246' title='bbox 93 3695 270 3784; x_wconf 84' lang='lat' dir='ltr'><strong>Teutiapli</strong></span> <span class='ocrx_word' id='word_1_247' title='bbox 285 3699 387 3808; x_wconf 60' lang='lat' dir='ltr'><strong>ulei,</strong></span> <span class='ocrx_word' id='word_1_248' title='bbox 410 3704 464 3790; x_wconf 87' lang='lat' dir='ltr'><strong>qui</strong></span> <span class='ocrx_word' id='word_1_249' title='bbox 489 3705 552 3788; x_wconf 90' lang='lat' dir='ltr'><strong>ipsi</strong></span> <span class='ocrx_word' id='word_1_250' title='bbox 570 3705 745 3790; x_wconf 87' lang='lat' dir='ltr'><strong>ceterisque</strong></span> <span class='ocrx_word' id='word_1_251' title='bbox 762 3701 895 3768; x_wconf 88' lang='lat' dir='ltr'><strong>ducibus</strong></span> <span class='ocrx_word' id='word_1_252' title='bbox 916 3703 1115 3788; x_wconf 89' lang='lat' dir='ltr'><strong>repentiumu</strong></span> 
     </span>
    </p>
   </div>
   <div class='ocr_carea' id='block_1_5' title="bbox 175 3921 546 4086">
    <p class='ocr_par' dir='ltr' id='par_1_6' title="bbox 175 3921 546 4086">
     <span class='ocr_line' id='line_1_36' title="bbox 175 3921 546 3992; baseline 0.005 -18"><span class='ocrx_word' id='word_1_253' title='bbox 175 3924 237 3986; x_wconf 63' lang='grc' dir='ltr'><strong>Η3)</strong></span> <span class='ocrx_word' id='word_1_254' title='bbox 253 3921 411 3992; x_wconf 86' lang='lat' dir='ltr'><strong>Thucydid.</strong></span> <span class='ocrx_word' id='word_1_255' title='bbox 429 3921 479 3988; x_wconf 91' lang='lat' dir='ltr'><strong>lll,</strong></span> <span class='ocrx_word' id='word_1_256' title='bbox 498 3924 546 3976; x_wconf 85' lang='lat'><strong>2⁷.</strong></span> 
     </span>
     <span class='ocr_line' id='line_1_37' title="bbox 176 4013 546 4086; baseline 0.003 -18"><span class='ocrx_word' id='word_1_257' title='bbox 176 4014 241 4078; x_wconf 80' lang='lat'>¹³⁴)</span> <span class='ocrx_word' id='word_1_258' title='bbox 261 4014 419 4086; x_wconf 84' lang='lat' dir='ltr'><strong>Thucydid.</strong></span> <span class='ocrx_word' id='word_1_259' title='bbox 434 4015 483 4080; x_wconf 86' lang='lat'><strong>111,</strong></span> <span class='ocrx_word' id='word_1_260' title='bbox 499 4013 546 4070; x_wconf 84' lang='lat'><strong>28.</strong></span> 
     </span>
    </p>
   </div>
   <div class='ocr_carea' id='block_1_6' title="bbox 759 4049 984 4156">
    <p class='ocr_par' dir='ltr' id='par_1_7' title="bbox 759 4049 984 4156">
     <span class='ocr_line' id='line_1_38' title="bbox 759 4049 984 4156; baseline 0.004 -6"><span class='ocrx_word' id='word_1_261' title='bbox 759 4049 984 4156; x_wconf 70' lang='lat' dir='ltr'><strong>,u¹</strong></span> 
     </span>
    </p>
   </div>
   <div class='ocr_carea' id='block_1_7' title="bbox 0 0 1401 4684">
    <p class='ocr_par' dir='ltr' id='par_1_8' title="bbox 0 0 1401 4684">
     <span class='ocr_line' id='line_1_39' title="bbox 0 0 1401 4684; baseline 0 0"><span class='ocrx_word' id='word_1_262' title='bbox 0 0 1401 4684; x_wconf 95' lang='lat' dir='ltr'><strong> </strong></span> 
     </span>
    </p>
   </div>
  </div>
 </body>
</html>
