2734 4676
525 377 725 441 7...-
909 339 1125 414 -us

21 544 26 560 ¹
117 538 240 600 lactum
261 545 318 611 est,
337 545 373 620 ut
390 530 508 607 inboc
525 528 600 594 loeo
618 530 752 614 scriptor
770 529 916 593 reticeret
932 541 1046 616 poetae
1065 551 1123 594 no·

118 653 208 709 men,
231 627 313 718 quod
342 626 430 706 alibi,
457 627 512 692 ubi
540 629 581 690 de
605 624 697 689 Ἰλίου
726 625 836 709 πέρσα,
856 627 1004 714 loquutur,
1026 627 1122 690 addit.

122 726 248 804 Quodsi
265 740 430 812 utrumque
457 735 599 802 carmen‚'
625 747 724 810 parva
750 723 825 789 Ilias
855 738 887 789 et
908 721 1000 786 'Il-tou
1020 722 1122 802 πίρσις

124 847 145 890 a
161 822 285 888 Lesebe
311 824 487 910 proiectum
514 836 579 900 ert,
606 822 692 892 nullo
724 822 817 886 modo
845 820 1009 907 probabile
1032 822 1121 885 vide-

125 935 186 1000 tur‚
203 921 284 1008 quod
300 920 404 1006 placet
428 918 625 996 Hermanno,
649 931 722 982 ante
743 941 872 1004 parvom
893 917 1024 984 Iliadem
1044 920 1122 982 scri·

120 1031 204 1104 ptam
224 1039 311 1082 esse
337 1013 429 1080 Ἰλίου
454 1015 564 1099 πίρσιν.
586 1016 669 1079 Ex
700 1013 813 1079 Proclo
846 1030 976 1100 apparet
1000 1028 1120 1080 tantum

113 1133 249 1200 parvam
274 1111 406 1178 iliadem
429 1113 508 1196 cycli
535 1114 617 1198 epici
643 1125 764 1198 partem
791 1114 1002 1189 constituisse,
1027 1128 1120 1198 quarn

84 1204 310 1299 sequebatur
334 1207 425 1272 Ἰλίου
451 1209 554 1292 πίρσις
578 1207 712 1273 Arctini.
754 1205 828 1272 Non
845 1208 1019 1294 adstipulor
1036 1206 1122 1272 Her·

91 1331 253 1386 manno,
291 1309 345 1396 qui
377 1309 461 1371 inter
501 1319 720 1392 argumentum
753 1308 900 1370 carminis
932 1304 1057 1370 Arctini
1088 1318 1121 1368 et

117 1407 340 1492 fragmentum,
366 1405 448 1495 quod
472 1405 592 1468 Leschi
617 1401 726 1467 tribdit
751 1401 908 1486 Heynius‚
934 1399 1026 1464 Ἰλίου
1047 1401 1121 1487 πίρ-

117 1525 193 1575 creec
210 1501 345 1567 Leschis
365 1515 583 1586 argumentum
605 1523 624 1563 a
645 1499 759 1565 Proelo
777 1498 954 1566 exhibitum
972 1522 1042 1564 esse
1060 1523 1120 1585 pu·

117 1614 172 1665 tat.
214 1597 326 1687 Neque
348 1601 433 1662 anim
454 1597 603 1661 credibile
616 1593 684 1680 est,
702 1599 763 1662 duo
787 1596 928 1662 eiusdem
943 1600 1119 1683 argumenti

117 1701 259 1765 emnrina
280 1719 299 1762 a
320 1697 532 1782 grammaticis
553 1696 586 1758 in
610 1694 730 1777 cyclum
750 1708 878 1781 recepta
899 1715 981 1758 esse,

6 1857 9 1868 ,
202 1793 297 1859 Nunc
322 1793 360 1856 de
385 1783 535 1856 carruiuis
567 1791 700 1855 Lesebis
727 1806 912 1878 argumento
941 1794 1120 1856 accuratius

120 1892 290 1980 e'rrponam.
333 1877 432 1955 Primi
453 1910 563 1952 versuo
583 1886 751 2051 lauda&
772 1890 814 1956 ab
835 1913 885 1967 eo,
906 1896 958 1979 qui
978 1889 1119 1956 libellum

118 1995 158 2056 de
178 1991 313 2057 Homeri
339 1989 406 2072 vite
434 1989 569 2070 scripsit,
596 2009 623 2048 c.
643 1983 678 2049 X
727 1987 816 2076 ..ubi
844 1988 987 2054 Homero
1007 1986 1118 2053 tribui·

115 2103 166 2154 tur
185 2109 286 2176 parva
306 2084 433 2164 diost)
475 2081 558 2146 Sunt
578 2082 626 2146 bi:

163 2246 167 2260 ’
193 2233 294 2313 Ἴλιον,
308 2233 400 2298 ’ἀείδω
428 2233 479 2296 καί
496 2231 666 2318 Δαρδανίην
687 2229 832 2312 idacios,

102 2387 106 2390 -
137 2319 143 2402 l
200 2327 235 2417 ἧς
251 2335 322 2419 γπέρι
338 2329 441 2396 πολλὰ
461 2329 565 2394 πάθον
577 2330 703 2410 Δαναοὶ,
717 2328 1035 2416 θεράποντες’Ἀρηος.
1062 2327 1068 2344 ”

36 2497 38 2504 “
80 2563 85 2568 .
108 2531 112 2538 ·
201 2479 431 2572 Auspicabatur
459 2496 569 2568 poeta,
597 2497 632 2547 ut
650 2497 745 2560 antea
768 2483 847 2561 dixi,
869 2506 889 2549 a
908 2484 963 2549 lite
984 2449 1117 2548 iliacam

88 2590 201 2652 ‚iuter
227 2597 317 2670 atque
345 2579 492 2664 Ulyssem
521 2582 560 2644 de
593 2584 688 2645 andis
715 2579 848 2648 Achillis
870 2594 950 2648 orta.
996 2582 1116 2648 Secun-

14 2743 18 2756 ,
84 2683 87 2692 ’
114 2683 191 2750 dum
218 2679 378 2745 scholiast.
404 2677 565 2763 Aristopb.
590 2679 630 2742 ad
657 2677 775 2765 Equitt.
804 2703 836 2742 v.
866 2680 958 2746 1056.
979 2683 1119 2745 namevit

112 2777 279 2856 Lescbes,
310 2777 449 2839 suasisse
481 2773 650 2840 Nestorem
683 2776 858 2854 iudicibus,
894 2791 930 2840 ut
958 2780 1119 2842 mitterent
1232 2811 1236 2820 ·

114 2875 269 2962 quosdam
286 2871 345 2937 sub
364 2871 483 2937 Troiae
511 2875 638 2937 moenia
668 2869 954 2950 νίτανουστιίσοντας
978 2873 1118 2959 περὶτῆς

102 2965 255 3056 ’ἀνδρείας
275 2975 335 3032 τῶν
354 2966 469 3052 ἡρώων.
516 2969 597 3042 Τοὺς
623 2966 656 3031 δὲ
677 2970 866 3050 πεμφθέντας
888 2969 1016 3036 ἀκοῦσαι
1036 2993 1118 3058 παρ-

61 3135 64 3146 ,
112 3067 474 3153 θενωνδιαφιρομένων
496 3064 572 3149 πρὸς
599 3063 740 3146 ἀλλήλας,
767 3058 809 3129 ὧν
833 3065 888 3148 τὴν
906 3065 957 3149 μὲν
978 3067 1076 3148 λέγειν,
1099 3069 1118 3130 ὃ

115 3167 198 3241 Αἴας
219 3164 298 3229 πολὺ
316 3168 457 3251 ,κρείττων
476 3164 539 3226 ἐστὶ
559 3170 615 3226 τοῦ
633 3162 797 3238 Ὀδυσσέως
811 3162 993 3250 διερχομένην
1013 3161 1117 3240 οὕτως·

37 3357 39 3364 ,
118 3348 269 3368 *av-‘⁴-

184 3447 211 3507 2)
229 3443 354 3498 Vocatur
383 3445 436 3498 ibit
452 3459 563 3496 cannen
590 3438 678 3504 Ἰλιὰς
699 3440 717 3509 ἦ
741 3440 868 3497 ἐλάσσων,
907 3446 1060 3502 salmasius
1077 3449 1117 3501 sin

115 3526 254 3584 Exercitt.
271 3525 340 3582 Ptin.
361 3542 387 3593 p.
405 3524 472 3578 598.
495 3525 528 3577 Ε.
546 3525 684 3577 diversam
705 3539 722 3575 a
741 3540 829 3592 parra
841 3527 928 3580 iliade
947 3536 977 3582 et
993 3531 1119 3584 eamdem

115 3608 306 3677 cumcypriirt
328 3609 494 3660 carminibus
511 3622 573 3661 esee
593 3607 647 3660 sibi
666 3621 827 3674 persuasum
849 3607 953 3666 babuit.
987 3613 1062 3668 ldern
1080 3613 1117 3668 bl.

113 3707 140 3760 p.
168 3689 236 3744 ool.
253 3692 284 3742 A.
305 3705 339 3742 ex
357 3687 441 3741 hocce
456 3705 538 3740 versu
554 3690 583 3740 in
604 3694 664 3764 arte
682 3690 791 3756 poetica
809 3691 936 3746 Horatii:

284 3779 436 3843 Fortunam
458 3777 693 3850 francicarum
711 3791 737 3834 et
753 3784 839 3838 nobile
858 3785 953 3839 bellum

115 3873 256 3926 Graecum
279 3875 442 3940 continuitr,
730 3877 733 3886 ’

279 3961 373 4021 'ateium
392 3963 533 4040 Πριάμοιο
557 3963 639 4034 τύχαν
657 3963 774 4038 πόλεμόν
789 3987 817 4022 τε
834 3964 953 4022 κλεεννιίν
980 4018 984 4032 ,

115 4073 233 4128 eumque
252 4069 302 4128 pro
324 4063 413 4134 primo
431 4075 533 4134 parram
557 4059 651 4114 iliadis
669 4076 749 4130 Ιιιιιιι
769 4062 929 4128 νειιδίιανίί.
950 4085 957 4094 ·
