2772 4684
528 375 730 389 ---
753 301 757 310 ’
1088 345 1134 414 25

120 555 222 600 unum
240 527 377 615 Tenage
391 527 490 592 fretra
502 527 620 604 occiso,
637 527 672 589 in
694 525 836 593 Lesbum
853 529 976 618 fugisse
988 533 1136 619 relert;⁴)

120 633 212 696 idem
247 627 311 693 nlio
338 624 411 692 loco
445 620 649 702 Macareum,
675 623 816 703 „Crinaci
842 648 862 690 a
903 627 981 695 Iove
1010 634 1137 696 oriundi

120 727 245 804 filium,
272 723 448 802 coloniam,
472 737 539 788 tum
566 744 611 786 ex
638 720 790 802 Ionibus,
810 737 877 789 turn
906 748 950 790 ex
977 730 1137 796 variarum

124 827 270 910 gentium
296 820 478 886 hominihus
507 820 682 898 collectam,
712 819 817 886 Oleno
838 821 916 888 urhe
936 823 1080 891 Achaiae
1097 827 1137 892 il·

124 921 180 986 luc
204 919 376 985 deduxisse
404 918 509 983 tradit.
523 917 552 1002 ⁵)
598 918 699 982 Filias
733 916 886 985 Macareo
907 921 1006 1010 faiam
1025 924 1136 990 dicunt

127 1017 315 1103 Mytilenen,
328 1017 359 1103 ⁶)
380 1014 610 1100 Methymnam,
621 1015 649 1099 ⁷)
667 1015 813 1101 lesam‚³)
834 1018 1041 1106 Antissam,⁹)
1061 1023 1136 1087 Ari·

191 1249 220 1310 ⁴)
241 1242 335 1300 soor.
357 1243 467 1298 Vlllcis.
491 1243 527 1296 ad
545 1243 659 1296 Homer.
678 1241 710 1295 ll.
727 1245 768 1306 si,
787 1241 853 1306 544,
872 1243 922 1296 uhi
939 1244 1048 1312 Lesbos
1065 1245 1136 1304 Μά-

120 1343 210 1400 καρος
227 1323 288 1390 iios
300 1325 464 1393 appellatur,
482 1323 552 1384 haec
565 1323 684 1376 habent:
700 1317 807 1396 Μάκαρ
826 1321 841 1377 ὃ
855 1322 932 1379 Ἴλου
943 1323 1076 1397 φονεύσας
1088 1329 1135 1385 τὸν

104 1404 246 1478 »ἀδελφὸν
271 1401 390 1476 Ίενάηην
413 1407 497 1461 ἐκεῖσε
521 1403 617 1480 ᾤκησε.
659 1407 774 1472 Repono
792 1405 853 1460 aine
872 1408 930 1460 ulla
946 1408 1133 1466 haesitatione

118 1487 228 1554 Ἢλίου,
246 1491 321 1560 quod
338 1487 425 1542 scribi
449 1488 532 1542 iussit
553 1488 638 1540 etism
667 1488 795 1556 Heynius
822 1489 851 1542 iu
869 1489 948 1544 Obss.
966 1494 1003 1547 ad
1019 1495 1133 1549 Homer.

120 1573 165 1628 l.l.
184 1569 249 1626 Vol.
265 1572 340 1638 Vlll,
365 1585 394 1638 p.
410 1570 474 1625 711.
497 1570 591 1624 Schol.
617 1569 723 1621 Victor.
743 1565 849 1642 Μάκαρ
868 1567 991 1628 ὁἩλλου
1009 1573 1056 1630 καὶ
1068 1571 1131 1632 Ῥό·

119 1653 173 1710 ὅου
192 1649 327 1725 φονεύσας
345 1649 392 1710 τὸν
406 1648 526 1722 ἀδελφὸν
542 1647 665 1723 Τενάγην
683 1643 748 1721 ἦρ”κει
766 1649 859 1705 αὑτοῦ.

194 1750 219 1813 ς)
239 1748 356 1804 Diodor.
375 1745 410 1812 V,
432 1745 484 1801 81.·
497 1745 590 1801 Schol
612 1745 717 1798 Victor.
744 1745 778 1797 ad
796 1741 910 1800 Homer.
926 1745 968 1800 ΙΙ
993 1745 1062 1810 τινές
1079 1745 1130 1803 αὓ-

119 1826 170 1884 σὸκ
187 1828 330 1902 Κρινάκου
344 1825 503 1902 τοιΥΤρέως
519 1828 601 1898 (legit
620 1827 748 1896 lleyniua
759 1825 878 1900 Ὑριέως)
900 1829 949 1882 τοῦ
964 1828 1133 1896 Ποσειδῶνος

122 1909 172 1966 καλ
184 1907 340 1980 Ἀλκυόνης·
365 1912 424 1982 (qui
446 1911 556 1964 notiore
580 1909 678 1979 mytho
700 1916 830 1976 parentes
846 1911 956 1963 Orionis
976 1927 1026 1965 acu
1045 1918 1130 1968 nutri·

122 2002 201 2049 tores
225 1995 345 2058 fuerunt,
370 2001 402 2046 ut
422 1993 554 2060 observat
577 1992 714 2060 lleynins,
741 1994 787 2063 qni
805 1989 925 2046 conferri
940 1993 1018 2046 iubet
1038 1995 1130 2061 Schol,

121 2078 158 2131 ad
173 2077 288 2132 Homer.
310 2076 341 2129 ΙΙ.
364 2079 400 2139 Σ,
420 2073 486 2129 480.
505 2080 533 2128 et
557 2075 592 2126 ad
618 2073 775 2140 Apollodor.
800 2081 858 2128 not.
881 2089 908 2140 p.
929 2076 967 2129 47
985 2081 1036 2149 sq.)
1055 2078 1083 2134 οἶ
1101 2080 1131 2136 δέ

120 2156 224 2230 μητέρα
245 2153 329 2211 αὑτοῦ
344 2154 496 2224 Μιτυλήνην
507 2153 556 2209 καλ
569 2155 687 2225 γυναῖκα
702 2154 821 2224 Λέσβον.
850 2156 942 2212 Schol.
959 2159 999 2214 br.
1019 2163 1054 2215 ad
1073 2163 1131 2217 ΙΙσ-

122 2255 193 2292 mer.
209 2239 255 2291 l.l.
274 2235 359 2292 ’ἔκτισε
374 2237 420 2306 τὴν
439 2236 549 2308 Λέσβον
565 2228 673 2308 Μάκαρ
696 2233 712 2290 ὃ
735 2234 877 2309 Κρινάκου
894 2236 942 2291 καλ
959 2241 1132 2306 ἐβασίλευσεν

127 2315 219 2390 οιῦιῆς.
240 2319 358 2390 Dionys.
375 2321 467 2374 Halic.
485 2320 577 2388 Antiq.
592 2318 672 2372 Rom.
687 2319 709 2384 l,
730 2318 774 2372 18.
791 2334 851 2372 reru
868 2320 910 2371 ita
928 2330 1035 2374 narrat:
1060 2331 1131 2379 Σκε.

112 2398 273 2464 ,ἆσσθέντες
291 2399 321 2455 δέ
338 2397 376 2466 (ολ
391 2398 541 2472 Πελασγοὶ)
560 2396 628 2454 κατὰ
650 2395 746 2471 φυγὴν,
761 2396 790 2456 οἶ
804 2401 862 2472 μέν,
880 2397 916 2464 εἷς
927 2398 1035 2476 Κρήιην
1045 2400 1131 2474 davil.-

119 2484 178 2540 θον
192 2511 229 2522 ·-
253 2511 286 2524 -
304 2511 340 2524 -
357 2511 394 2524 ·-
423 2481 452 2540 οἱ
473 2482 511 2547 δι’,
535 2481 573 2546 εἷς
599 2478 647 2548 τὴν
666 2478 759 2541 Ἀσλον
776 2484 1024 2557 περαιωθέντες-
1042 2515 1078 2528 -·
1095 2518 1131 2530 -

119 2562 209 2621 πολλοὶ
226 2564 314 2640 χοιρλα
330 2563 460 2632 κατέσχον
476 2593 511 2603 -
530 2591 565 2602 -
581 2591 617 2602 -
635 2561 683 2619 καλ
704 2561 751 2634 τὴν
767 2568 813 2620 νῦν
831 2566 995 2637 καλουμένην
1019 2570 1132 2643 Λέσβον

120 2644 319 2720 οἷναμιχθέντες
333 2649 391 2712 σοῖς
407 2651 436 2702 tx
452 2650 497 2716 τῆς
506 2641 636 2710 Ἑλλάδος
653 2648 789 2702 στέλλουσι
813 2646 860 2719 τὴν
875 2643 981 2724 πρώτην
1001 2647 1132 2708 ἀποικίαν

121 2727 160 2795 εἷς
182 2726 275 2797 αὐτὴν,
296 2727 417 2802 ἄγοντος1
431 2728 571 2803 Μάκαρος
591 2731 640 2786 τοῦ
661 2731 806 2804 Κρισαίου.
846 2732 901 2786 Pro
925 2734 1064 2805 Κριαυεόν
1077 2740 1131 2792 riri

122 2815 201 2868 docti
227 2813 404 2890 coniecerunt
428 2809 565 2886 Κριάσου,
606 2813 680 2881 quod
699 2813 729 2864 in
752 2813 838 2865 schol.
866 2814 909 2866 br.
929 2815 965 2868 ad
984 2817 1064 2870 llum.
1088 2820 1130 2874 l.l.

123 2895 251 2960 reposuit
283 2896 444 2950 Barneeiua.
472 2895 674 2963 ll'esselingius
699 2894 735 2947 ad
756 2894 870 2946 Diodor.
894 2894 949 2949 sic.
974 2897 1008 2961 V,
1035 2898 1079 2955 81.
1101 2903 1130 2954 in

123 2977 258 3047 Dionysii
282 2977 346 3032 loco
371 2979 492 3032 scribere
515 2977 621 3030 mavult
646 2971 796 3047 Κρινάκου.
832 2976 967 3046 Equidem
985 2979 1053 3033 nihil
1071 2998 1130 3035 mu-

121 3061 239 3114 tandum
258 3075 320 3114 ceso
339 3077 449 3124 censeo,
475 3076 537 3112 cum
564 3061 689 3114 diversas
707 3059 793 3112 fuisse
812 3065 936 3110 veterum
956 3062 1129 3115 narrationes

121 3149 267 3209 appareat.
300 3141 332 3194 ln
357 3141 461 3211 Hymn.
488 3142 577 3206 Apoll.
602 3160 628 3194 v.
656 3139 701 3194 37.
725 3141 833 3196 Lachne
853 3147 970 3192 vocatur
988 3135 1129 3214 Μάκαρος

121 3221 184 3286 ἕδος
201 3218 359 3284 Αἰολίωνος.
382 3223 452 3289 ‚Est
477 3222 523 3276 lric
549 3226 574 3277 is
601 3225 759 3285 Macareus,
784 3226 832 3292 qui
852 3239 977 3276 sororem
1001 3225 1127 3281 Canacen

120 3307 236 3372 amavit,
254 3312 338 3360 noan
356 3321 391 3358 ex
403 3305 495 3359 Ovidii
514 3307 628 3361 Heroid.
642 3306 690 3369 xl,
705 3313 835 3358 monente
853 3307 964 3374 lleynio
983 3306 1026 3359 l.l.

155 3385 159 3392 ’
194 3400 220 3463 ⁶)
242 3397 338 3468 Steph.
353 3399 472 3467 Byzant.
491 3416 513 3451 s.
531 3416 558 3452 v.
577 3393 728 3465 Μυτιλήνη.
752 3399 868 3452 Diodor.
884 3400 939 3454 Sic.
954 3399 996 3452 l.l.
1016 3401 1129 3469 Mytile-

119 3497 177 3536 nen
192 3482 244 3534 alii
261 3481 389 3550 Neptuno
407 3482 507 3535 dedere
524 3497 646 3535 uxorem.
681 3480 804 3534 Fuerunt
819 3484 913 3545 etiam,
933 3485 981 3552 qui
998 3500 1061 3538 eam
1078 3485 1129 3538 Pe·

119 3562 180 3630 lopi
194 3563 280 3616 liliam
300 3562 467 3628 tribuerent3
482 3564 544 3617 ride
566 3563 734 3631 Stephanum
751 3564 928 3631 Byzantium.
962 3564 1053 3622 Schol.
1072 3566 1129 3619 Vil-

118 3643 183 3697 lois.
212 3651 243 3696 et
264 3641 337 3698 Vict.
360 3645 395 3696 ad
421 3646 503 3700 Hom.
528 3644 568 3698 ΙΙ.
593 3645 748 3712 Mytilenen
765 3647 888 3698 Macaria
907 3652 1024 3699 matrem
1042 3646 1129 3699 inisse

102 3710 280 3778 ,perhibent
308 3711 456 3770 ⁸Diodorus
475 3714 585 3768 Siculus
600 3714 647 3775 ill,
667 3713 711 3766 55.
731 3714 873 3782 Myrinam
893 3731 928 3768 ex
945 3717 1129 3770 Amazonibus

117 3807 206 3848 nnana
225 3791 383 3862 Mytilenen
401 3795 568 3860 appellatam
587 3811 649 3850 esse
667 3802 769 3852 narrat.
787 3797 828 3851 ci.
843 3798 1008 3866 wesseling.
1029 3798 1064 3856 ad
1078 3797 1128 3855 hl.

99 3926 103 3933 .
193 3887 218 3946 ⁷)
239 3883 335 3953 steph.
353 3886 472 3956 Byzant.
497 3904 570 3962 ay,
583 3883 740 3956 Μήθυμνα.

193 3978 220 4039 ⁸)
240 3976 337 4052 steph.
357 3980 475 4048 Byzant
493 3998 515 4033 ε.
535 3996 561 4033 v.
576 3978 662 4033 Ἴσσα.

193 4071 219 4134 ⁹)
240 4069 336 4146 Steph.
353 4072 472 4144 Byzant.
497 4092 519 4129 ε.
538 4090 564 4132 ν.
578 4071 713 4130 immun.
