2734 4676
525 345 725 392 ··-··--’·
1053 376 1122 452 129

59 543 63 546 -
111 517 164 570 tun
187 527 246 592 pro
265 464 375 572 maroa
394 513 429 578 in
452 521 624 590 carminum
646 481 874 617 Sappiriccrnm
886 551 989 634 primo
1012 556 1118 633 ictam

109 607 259 670 correxit
283 604 499 677 Biomfieldus.
548 616 586 684 In
606 622 706 692 altero
725 639 869 715 poetriae
886 647 1117 730 Lesbiae'car-

111 702 201 764 mine
223 723 253 764 v.
274 700 303 772 7.
324 706 455 795 βραχέως
474 713 629 782 invenies.
653 759 696 772 -
736 734 846 801 Μέσον
859 739 917 804 δύο
932 756 1116 845 φωνηέντων,

111 798 217 883 inquit
241 797 372 886 Gregor.
399 804 439 870 de
468 808 592 876 dialect.
617 816 710 885 Aeol.
739 833 767 908 §.
788 829 972 926 ‚xxxvia
997 858 1117 924 τιθέασι

80 949 84 954 ,
111 889 151 954 τὸ
169 915 200 962 ,ra
219 893 253 958 τὸ
272 896 333 982 γὰρ
353 897 411 986 ἀὴρ
432 901 509 990 αὖὴρ
530 901 650 994 ie'yoccr
673 919 725 981 xci
745 925 781 986 τὸ
805 930 867 1006 aime
887 943 977 1017 αὔως.
1017 954 1114 1032 οὕτως

112 987 163 1050 καὶ
180 989 245 1070 pdw'
257 992 345 1076 χεύω,
365 997 416 1058 καὶ
428 987 501 1064 ’θέω
518 1002 612 1082 deria,
630 1013 681 1075 καὶ
701 1018 757 1082 νέω
779 1025 862 1092 redo.
905 1036 989 1109 Vide
1006 1046 1112 1119 Kofln,

108 1087 148 1150 ad
168 1086 230 1152 h.l.
263 1090 382 1180 Forma
400 1097 559 1163 ΝΑΤΟΣ
576 1103 669 1192 qnam
691 1119 777 1183 vird

786 1463 793 1476 .
846 1377 1112 1505 arimanni

101 1476 239 1562 praebet*
271 1483 412 1568 inscript.
437 1487 536 1553 Lesb.
566 1499 649 1581 apud
675 1501 803 1576 Pocock
841 1517 868 1584 P
905 1524 979 1594 id
1021 1537 1040 1600 6

101 1569 153 1637 45.
172 1573 302 1658 ‚Ibidem
330 1601 388 1664 pro
415 1583 610 1677 diphthongo
637 1601 692 1659 EI
714 1559 1022 1715 scripiumieperi’es
1041 1563 1106 1700 iii

98 1670 175 1735 Lin.
206 1673 236 1737 5.
268 1697 381 1762 nempe
411 1688 551 1765 positum
583 1708 632 1757 est
659 1702 967 1784 ΕΠΙΜΕΛΗΙΑΣ

103 1765 154 1830 14.
176 1772 482 1860 ΠΡΥΤΑΝΗΙΑΣ,
507 1819 548 1833 -
598 1792 743 1864 Litterae
771 1813 807 1868 A
831 1820 958 1902 saepius
978 1731 1105 1894 Ιᾝὲῗ·
1145 1813 1152 1820 .

100 1864 187 1928 disse
220 1866 337 1934 Aeoles
379 1871 583 1948 Grarnmatici
614 1894 749 1959 tradunt.
794 1905 990 1998 Imm,
1021 1931 1104 2012 quod

97 1959 226 2027 Koenio
254 1966 295 2030 ad
324 1967 457 2056 Gregor.
484 2001 515 2062 p.
548 1983 788 2058 601.·monente
810 2009 942 2086 praeb'et
966 2041 1104 2092 marmor

50 2129 57 2136 ,
124 2071 282 2144 ymaeirm,
309 2067 344 2128 in
370 2069 491 2137 Lesbia
515 2099 639 2166 quoque
665 2088 871 2178 inscriptione
896 2107 1045 2190 (Pococlr.
1075 2122 1102 2203 Ι,

92 2153 127 2235 ti,
147 2157 177 2220 6.
195 2183 227 2245 p.
248 2157 313 2246 46.)
341 2165 433 2230 nobis
459 2191 494 2234 se
522 2176 625 2242 offert.
650 2218 694 2231 -
742 2191 879 2278 Lesbios
907 2207 1100 2284 infinitivum

94 2257 191 2321 activi
207 2278 265 2341 pro
285 2282 325 2322 aa
343 2284 403 2347 per
424 2289 460 2344 ην
479 2269 632 2339 formasse
654 2281 790 2353 dubitari
811 2316 876 2362 non
896 2318 1011 2387 potest.
1040 2313 1099 2378 Sa·

8 2381 9 2384 =
92 2354 133 2415 tis
155 2351 217 2416 hoc
241 2355 407 2424 confirmat
430 2359 572 2432 Marmor
593 2371 775 2463 Cymaeum,
803 2390 857 2456 ubi
875 2395 931 2464 lin.
962 2405 1011 2476 17.
1039 2433 1099 2475 ex·

8 2455 9 2464 ¹
90 2461 155 2514 stat
175 2455 375 2528 Aeaeam,
401 2456 457 2524 nn.
477 2465 527 2544 25.
550 2471 780 2561 ΕΠΑΙΝΗΝ,
808 2486 864 2554 nn.
884 2498 935 2560 28.
955 2505 1097 2588 ΕΧΗΝ,

11 2553 23 2587 x
88 2545 147 2626 lio.
167 2548 219 2609 29.
238 2552 413 2617 ΚΑΛΗΝ.
462 2559 524 2626 His
554 2587 596 2630 ex
615 2573 727 2641 eodem
748 2578 909 2656 Marmore
929 2599 1003 2667 addi
1021 2628 1098 2691 pos·

8 2719 10 2724 Ι
88 2656 165 2706 sunt
193 2647 605 2743 nnJTnenoPnKaN,
631 2674 914 2752 marmana
937 2711 970 2759 ..ι
987 2703 1096 2766 ..aa

88 2763 141 2818 κην
171 2763 229 2826 pro
251 2744 402 2811 τεθνάκειν
425 2775 468 2816 ex
496 2755 676 2844 Sapphonis
701 2780 849 2857 carmine,
872 2788 912 2849 ad
932 2813 1010 2876 quas
1029 2799 1094 2864 for-

28 2839 30 2846 '
90 2852 155 2898 mas
177 2858 256 2902 mox
273 2835 454 2912 redibimus·
480 2852 602 2920 'Etiam
622 2861 657 2923 in
676 2866 797 2936 Lesbia
816 2879 868 2942 ins
906 2885 913 2900 ⁹

871 2890 1024 2969 emptione
1042 2916 1092 2982 ap.

8 2963 11 2966 .
89 2927 202 2998 Dodw.
224 2933 279 3000 lin.
301 2939 351 3001 29.
374 2945 638 3036 ntimonPHN
654 2981 820 3036 exaratum
838 2979 942 3046 video.

169 3030 222 3096 De
247 3037 370 3100 ratione
401 3063 463 3125 qua
488 3044 608 3116 litteras
635 3078 846 3133 consonantes
872 3083 1093 3159 pemmtabant

82 3122 204 3192 Aeoles
228 3125 324 3216 inque
351 3138 393 3200 iis
407 3140 531 3230 ¹Lesbii
561 3152 746 3220 consulendi
772 3181 846 3229 sunt
877 3171 1090 3264 Grammatier,

8 3229 10 3234 ’
84 3228 316 3312 tumentiqni,
346 3246 411 3298 tum
439 3245 643 3311 recentiores.
698 3253 764 3320 Eos
790 3268 816 3322 θ
841 3268 876 3332 in
903 3293 925 3350 φ
951 3293 1091 3348 ιιιιιίαεεο

80 3332 192 3390 monet
211 3320 406 3410 'Gregorius
455 3334 691 3420 Saepenumero
720 3367 824 3424 tamen
852 3385 945 3433 versa
972 3378 1089 3443 viced

80 3401 300 3506 adhibuerunt
313 3423 368 3488 ubi
390 3428 471 3514 aliae
493 3451 605 3521 gentes
624 3440 765 3528 litterae
786 3458 963 3531 utebantur.
987 3473 1088 3540 Athe·

79 3513 251 3596 naeo(1ib.
274 3507 333 3595 XI,
353 3542 385 3605 p.
405 3524 476 3590 500.
495 3527 546 3614 B.)
578 3556 733 3620 narrante,
760 3551 794 3613 in
820 3552 902 3623 libro
930 3563 969 3628 de
989 3569 1087 3638 diale-

44 3590 46 3599 '
70 3603 130 3670 'cto
157 3610 266 3684 retulit
293 3613 468 3701 Parmeno,
484 3623 736 3714 Methymnaeus
756 3667 814 3730 pro
831 3653 944 3736 σκύφος
965 3664 1087 3746 dixisse

77 3697 203 3776 σκύθος.
227 3743 266 3758 -
309 3708 403 3787 Quod
430 3723 458 3798 ξ.
490 3719 549 3788 ΧΙ.
572 3732 666 3795 tradit
688 3733 872 3828 Gregorius,
890 3753 1009 3823 Aeoles
1028 3763 1085 3828 dn·

38 3835 42 3851 ,
74 3797 213 3884 plicasse
242 3805 598 3902 litterasapcapo'tova
617 3829 651 3891 id
674 3831 792 3902 iacmm
813 3845 1028 3932 deprehendes
1045 3864 1083 3925 in

75 3897 219 3985 inscript.
243 3926 292 3988 ap.
314 3907 430 3974 Dodw.
451 3913 580 4000 ubilin·
596 3925 647 3986 22.
669 3949 835 4006 exaratum
852 3951 1084 4016 οεῐΕΣΣΟΝ-

78 3996 167 4056 TA!
183 4011 215 4060 et
232 3997 288 4066 lin.
310 4003 362 4066 2&
385 4010 667 4086 EHEKPINNE.
690 4061 729 4079 -
765 4029 945 4106 Memorato
966 4044 1082 4135 dignus

864 4131 882 4198 1
