2772 4684
484 253 684 290 --'·--·
970 239 1090 310 .6³

72 444 140 498 tes.
151 427 187 516 ¹⁹¹
195 427 237 514 ⁴)'
273 422 386 514 Neque
412 427 522 512 opinio
549 423 607 489 illu
629 421 742 491 fulsum
766 447 801 492 se
820 429 969 494 ostendit.
1008 428 1095 498 Mox·

72 532 169 594 enim
195 525 315 590 infecte
344 547 380 588 re
412 524 550 589 Athenis
581 511 746 590 'redierunt
777 524 892 612 legati,
918 549 981 616 quo
1006 520 1092 594 lueto

73 609 276 708 Mytilenaei
301 625 459 714 ceterique
486 619 598 687 Lesbii
623 637 750 709 praeter
768 617 1013 710 Methymnaeus
1032 649 1100 714 pu··

74 719 183 810 gu'arn
202 719 365 807 parebant.
414 720 541 785 Proelio
565 724 733 787 commisso
752 743 854 809 nequo
876 721 983 788 blerte
1000 723 1094 792 dimi-

70 819 203 884 cabunt
221 817 279 894 illi,
301 839 373 885 cum
392 832 499 884 numm
519 817 640 884 viribus
659 821 800 906 ipsorum
819 841 931 906 perum
952 817 1093 885 confide·

81 927 158 982 ient
184 919 218 980 in
244 931 372 1002 portum
392 937 428 982 se
443 918 635 1000 recipientes
653 918 980 981 Lacedaemoniorum
1000 918 1097 997 euni-

84 1015 133 1080 liu
155 1029 429 1098 exspectaverunt
470 1013 554 1080 Num
574 1029 702 1099 prseter-
721 1035 847 1093 navem,
866 1037 960 1101 quem
979 1015 1099 1080 auxilii

84 1113 215 1196 petendi
245 1127 359 1178 'caussa
384 1113 630 1186 Lacedaemona
662 1115 794 1200 missum
818 1113 914 1178 modo
946 1115 1096 1191 vidimus,

83 1210 150 1276 sliu
168 1213 204 1278 iu
223 1209 480 1294 Peloponnesum
506 1211 644 1297 abegets
665 1223 725 1289 est,
747 1211 856 1276 Melea
876 1211 1096 1277 Lacedaemo·

86 1311 198 1392 nioet
216 1307 443 1376 Hermeeouds
461 1306 629 1389 Thebano,
649 1312 702 1397 qui
725 1322 799 1394 post
821 1307 976 1394 proelium
994 1309 1096 1392 Myti-
1184 1341 1187 1350 v

30 1447 38 1456 -
86 1403 187 1472 leuen
204 1411 428 1492 peruenerunt,
448 1405 721 1490 auctoribus-¹²⁶)

146 1535 149 1550 ·
171 1506 397 1584 Athenienses,
418 1509 485 1572 otio
507 1510 558 1570 cui
575 1529 611 1570 se
632 1505 939 1572 dedideruntLesbii
955 1509 990 1571 iu
1005 1525 1097 1593 spent

85 1607 207 1683 menti,
240 1602 409 1692 postquam
435 1608 594 1669 sociorum
620 1602 749 1668 auxiliis
774 1624 848 1670 sese
882 1603 1099 1698 timeremus

85 1704 158 1767 duo.
178 1716 280 1768 eosne
297 1701 340 1766 ub
357 1714 491 1790 utruque
510 1701 597 1766 urbis
620 1715 710 1786 perte
729 1704 932 1766 muniverunt
950 1719 1018 1766 uec·
1030 1721 1099 1768 uon

82 1805 271 1889 utrumque
285 1813 411 1884 portum
437 1799 572 1864 navibus
599 1797 886 1864 circumcluserunt.
945 1797 1017 1863 Huc
1045 1819 1098 1872 re·

87 1902 183 1964 tione
211 1921 232 1962 a
247 1901 327 1963 meri
349 1898 430 1962 ercn'
457 1911 532 1962 sttnt
552 1898 751 1982 Mytilenaei,
777 1909 893 1961 terrem
912 1910 1023 1962 eutem·
1039 1895 1099 1961 cb·
1148 1925 1151 1936 ·

76 1995 236 2062 'tinebant
259 2019 325 2062 uuo
355 2017 427 2062 oum
454 1999 568 2061 ceteris
592 1994 731 2060 Lesbiis.
744 1992 814 2078 ¹²⁶)
855 1993 982 2059 luteres
998 1994 1100 2080 legati

85 2099 198 2180 priore
225 2116 309 2178 neve
331 2098 366 2159 iu
388 2092 644 2177 Peloponnesum
671 2094 759 2156 missi
777 2091 1099 2158 Lacedaemcnude·

86 2183 151 2258 loti
171 2205 264 2268 suute
286 2193 361 2260 inde
388 2214 465 2258 vero
487 2188 685 2257 hortantibus
703 2189 969 2252 Lacedaemoniis
987 2187 1097 2272 Olym-

90 2293 181 2374 pium
207 2291 339 2376 profecti
364 2303 437 2376 post
463 2304 609 2376 peractos
633 2288 725 2352 ludos
750 2307 858 2352 coram
877 2283 1024 2351 omnibus
1037 2275 1099 2350 so·
1139 2353 1145 2366 ,

89 2391 152 2454 ciis
179 2387 421 2474 Peloponnesiis
439 2393 623 2468 ,orationem
646 2385 843 2461 habuerunt,
866 2384 1020 2448 vicesimo
1046 2385 1099 2448 die

86 2489 214 2550 mensis
235 2486 318 2552 lulii.
367 2486 499 2553 caussis
519 2460 648 2572 proptbr
669 2509 747 2576 quas
781 2483 820 2548 ab
848 2479 1099 2552 Atheniensibus
1165 2530 1170 2540 .

88 2584 270 2650 defecerint
290 2589 456 2670 erqtositis
473 2586 609 2652 fructum
627 2591 681 2675 qui
702 2587 831 2652 loedere
849 2609 920 2655 cum
939 2590 1018 2674 ipsis
1033 2588 1098 2650 icto

87 2684 212 2766 percipi
229 2697 339 2768 posset
356 2685 564 2751 ostenderunt
599 2702 632 2751 et
653 2685 904 2770 Peloponnesios
931 2700 966 2753 ut
992 2685 1101 2749 confe-
1191 2735 1194 2742 .

91 2783 165 2850 stim
186 2781 309 2848 auxilio
332 2787 480 2849 venirent
500 2773 649 2850 obtestati
676 2797 759 2846 suut.
774 2783 842 2869 ¹⁸⁷)
883 2783 1101 2849 Lacedaemo·

96 2881 141 2943 nii
154 2879 334 2967 legatorum
352 2881 498 2965 precihus
518 2883 666 2947 commoti
683 2884 788 2946 socios
808 2883 843 2943 iu
859 2879 1012 2944 isthmum
1025 2899 1101 2944 cou-

94 2979 225 3044 teuderc
246 2981 410 3045 iusserunt
432 2984 556 3068 ipsique
584 2982 676 3044 citius
702 2999 795 3067 quam
825 2983 922 3043 ceteri
943 2979 1102 3066 Pelopon-

91 3078 178 3140 nesii
197 3075 274 3142 illuc
302 3080 438 3163 profecti
464 3098 563 3143 neves
583 3080 735 3143 adversus
756 3077 969 3141 Athenienses
983 3079 1102 3138 instrud
1127 3135 1130 3140 .

94 3187 225 3240 xerunt.
273 3175 453 3259 Sperabam
487 3180 589 3254 euim,
626 3180 655 3240 si
689 3178 847 3241 sociorum
879 3194 977 3260 opera
1001 3171 1103 3236 adiuti

91 3271 237 3337 Atticum
264 3285 349 3338 terra
374 3279 515 3362 merique
542 3274 808 3361 aggrederentur,
839 3273 927 3349 fore,
947 3284 985 3335 ut
1002 3259 1104 3334 Athe·

91 3370 228 3433 nieuses
248 3369 382 3462 classem
399 3371 508 3436 Lesbo
530 3371 823 3454 removerent.¹²⁸)
863 3369 915 3435 lili
933 3391 1011 3434 vero
1031 3387 1104 3434 cum

169 3597 228 3660 ¹²⁴)
249 3597 408 3668 Thucydid:
423 3601 470 3666 111,
490 3602 517 3654 4.

167 3690 227 3750 ¹²⁵)
250 3691 407 3762 Thucydid.
430 3693 476 3757 111,
497 3691 523 3746 5.

169 3780 233 3850 ¹²⁶)
251 3782 408 3854 Thucydid.
430 3785 477 3849 111,
496 3786 523 3841 6.

172 3878 230 3938 m)
251 3877 407 3948 Thucydid.
426 3881 472 3944 111,
490 3877 509 3930 8
525 3905 560 3916 -
578 3879 622 3933 14.

172 3971 181 4000 ¹
188 3971 231 4031 21)
252 3971 409 4041 Thucydid.
428 3974 475 4037 111,
495 3970 539 4026 lb.
